3117 4975
420 340 487 389 nm.
510 342 525 389 1
546 341 618 391 oar.
643 341 809 390 xn-xnrr
831 326 871 411 ἓξ
893 328 1072 393 113-119.
1280 325 1320 389 41

168 489 246 568 agat
266 504 373 569 neque
390 484 517 570 ogeritl
542 485 633 566 Quae
655 507 748 570 porro
770 485 874 571 pietas
896 486 927 551 oi
949 485 1094 565 debetur,
1113 506 1134 551 a
1155 507 1219 572 quo
1240 484 1322 549 nihil

167 584 348 670 aooeperisl
368 592 427 650 aut
440 585 520 671 quid
534 585 674 665 omnino,
683 585 775 673 cujus
790 587 919 651 nullum
933 587 1088 652 meritum
1103 587 1154 664 sit,
1166 586 1196 651 ei
1212 585 1321 651 deberi

168 692 299 771 potestl
340 686 404 753 Est
417 689 506 755 enim
519 689 624 775 pietas
640 690 774 776 justitia
795 691 967 755 adversum
989 690 1085 771 doos;
1106 711 1179 753 oum
1203 687 1322 775 quibus

168 789 247 875 quid
262 798 371 877 potest
384 791 479 857 nobis
492 814 562 858 esse
572 792 666 879 juris,
682 814 756 857 oum
772 791 896 857 bomini
911 791 1002 856 nulla
1015 813 1089 857 oum
1106 791 1166 857 deo
1180 791 1223 856 sit
1237 812 1323 855 com·

134 894 334 987 5munitaoi
377 896 544 963 Sanctitas
568 908 682 961 autem
706 904 757 961 est
787 895 922 971 scientia
943 894 1147 959 colendorum
1169 895 1321 974 deorum;

167 996 338 1082 quiquam
354 998 478 1065 obrem
496 998 621 1064 colendi
641 999 716 1077 sint,
731 1019 797 1065 non
820 998 984 1085 intellego,
1000 997 1090 1063 nullo
1111 1019 1171 1063 noo
1191 1006 1322 1085 aooopto

166 1097 263 1163 abiis
279 1122 338 1169 neo
352 1109 481 1186 sperato
495 1102 588 1166 bono.

232 1204 338 1272 XLII.
382 1204 469 1286 Quid
491 1213 541 1271 est
562 1214 684 1284 autem,
704 1203 791 1290 quod
812 1203 889 1269 deos
907 1226 1097 1270 veneremur
1117 1210 1249 1290 propter
1264 1202 1320 1268 ad-
1334 1209 1391 1269 117

167 1307 373 1375 mirationem
388 1311 460 1396 ejus
473 1319 619 1389 naturae,
634 1310 668 1375 in
684 1332 750 1395 qua
764 1308 930 1395 egregium
944 1308 1027 1373 nihil
1041 1308 1209 1373 videmusl
1230 1306 1264 1371 N
1265 1328 1319 1371 arn

7 1463 11 1478 .
120 1449 155 1487 10
167 1413 404 1497 superstitione,
419 1412 505 1499 quod
519 1412 648 1499 gloriari
663 1411 782 1491 soletis,
797 1412 889 1477 facile
904 1418 954 1476 est
967 1410 1105 1489 liberari,
1119 1432 1193 1475 cum
1213 1416 1319 1474 sustu-

167 1513 243 1578 leris
257 1537 388 1581 omnem
402 1516 470 1580 vim
490 1515 642 1595 deorum3
662 1514 724 1579 nisi
744 1513 826 1579 sorte
844 1513 1018 1599 Diagoram
1033 1521 1091 1579 aut
1106 1511 1319 1588 Theodorum,

166 1616 224 1702 qui
247 1619 378 1684 omnino
399 1620 475 1685 deos
496 1640 566 1684 esse
587 1617 759 1703 negabant,
779 1638 889 1681 oeuses
911 1616 1148 1702 superstitiosos
1173 1636 1241 1681 esso
1262 1636 1319 1701 po-

166 1722 275 1789 tuisse
319 1723 389 1810 Ego
408 1745 451 1789 no
469 1723 679 1809 Protagoram
695 1721 839 1809 quidem,
855 1720 908 1787 oui
929 1728 1082 1787 neutrum
1103 1719 1240 1799 licuerit,
1259 1741 1319 1784 neo

166 1848 235 1892 esse
249 1827 326 1893 deos
340 1850 399 1893 nee
413 1849 479 1893 non
500 1848 577 1893 esse.
622 1826 751 1891 Horum
773 1824 864 1908 enim
884 1824 1064 1889 sententiae
1087 1823 1232 1888 omnium
1253 1845 1317 1888 non

8 2010 10 2015 Ι
115 1967 151 2025 15
166 1929 261 1995 modo
275 1932 538 2017 superstitionem
553 1930 682 2009 tollunt,
697 1929 732 1995 in
747 1952 813 2016 qua
827 1929 912 1994 inest
931 1929 1027 1997 timor
1045 1927 1151 1992 inanis
1172 1928 1316 2006 deorum,

166 2034 222 2098 sed
237 2036 338 2100 etiam
352 2035 548 2123 religionem,
565 2057 649 2121 quae
664 2034 796 2099 deorum
811 2033 901 2098 cultu
916 2030 970 2120 pio
985 2032 1174 2098 continetur.
1207 2031 1317 2112 Quidl
1331 2036 1388 2096 118

164 2135 197 2214 ii,
225 2138 283 2223 qui
308 2140 460 2206 dixerunt
482 2147 585 2206 totam
606 2139 648 2205 de
669 2138 720 2205 dia
740 2137 978 2203 immortalibus
1001 2136 1184 2224 opinionem
1208 2135 1316 2201 fictam

165 2262 234 2306 esse
248 2242 291 2307 ab
304 2242 491 2308 hominibus
505 2241 707 2328 sapientibus
721 2241 767 2306 rei
782 2240 931 2328 publicae
952 2261 1058 2319 eausa,
1073 2246 1119 2317 ut,
1133 2260 1213 2325 quos
1233 2238 1316 2303 ratio

164 2363 228 2407 non
243 2351 359 2429 posset,
373 2366 428 2410 eos
447 2343 489 2410 ad
511 2344 652 2408 offioium
673 2342 786 2430 religio
808 2343 948 2422 duceret,
963 2363 1070 2407 nonno
1092 2362 1221 2406 omnem
1243 2339 1317 2405 reli·

113 2445 294 2530 20gionem
314 2445 461 2513 funditus
482 2446 705 2512 sustulerunt?
748 2444 858 2528 Quidl
901 2444 1054 2510 Prodicus
1079 2442 1167 2521 Cius,
1189 2441 1247 2530 qui
1269 2464 1316 2525 ea,

164 2570 246 2633 quae
260 2551 449 2634 prodessent
465 2549 635 2614 hominum
651 2549 746 2628 vitae,
761 2550 895 2614 deorum
909 2549 944 2614 in
959 2570 1093 2614 numero
1113 2547 1226 2613 habita
1246 2567 1316 2613 esso

164 2650 257 2729 dixit,
271 2674 369 2739 quam
384 2652 517 2718 tandem
536 2652 721 2738 religionem
745 2652 900 2739 reliquitl
944 2651 1054 2734 Quidl
1075 2651 1131 2737 qui
1147 2658 1205 2716 aut
1218 2650 1315 2716 fortes
1329 2659 1386 2718 119

164 2763 223 2820 aut
237 2755 337 2821 claros
352 2763 410 2820 aut
424 2763 574 2843 potentes
588 2756 672 2820 viros
687 2755 820 2821 tradunt
835 2764 908 2842 post
927 2764 1064 2820 mortem
1084 2753 1126 2820 ad
1147 2754 1224 2819 deos
1245 2776 1316 2840 per-

164 2855 298 2934 venisse,
313 2878 432 2942 eosque
455 2879 524 2923 esso
546 2857 640 2942 ipsos,
655 2879 736 2943 quos
757 2879 815 2922 nos
836 2857 949 2935 oolere,
963 2856 1085 2944 precari
1106 2855 1315 2941 venerarique

113 3001 148 3060 ²5
164 2957 330 3038 soleamus,
346 2980 454 3024 nonne
469 2967 616 3044 expertes
631 2967 708 3024 sunt
725 2958 918 3044 religionum
938 2957 1107 3023 omnium?
1128 2978 1211 3043 quae
1233 2957 1316 3021 ratio

163 3059 305 3126 maximo
319 3068 459 3126 tractata
473 3062 514 3126 ab
529 3061 712 3126 Euhemero
727 3071 786 3138 est,
800 3083 898 3148 quem
913 3069 1022 3126 noster
1035 3068 1070 3125 et
1084 3059 1315 3144 interpretatus
1332 3105 1336 3113 ι

163 3171 198 3228 et
214 3170 344 3230 secutus
358 3172 408 3229 est
422 3173 550 3250 praeter
568 3172 691 3229 eeteros
710 3163 844 3229 Ennius
887 3163 942 3229 Ab
956 3163 1138 3229 Euhemero
1156 3173 1265 3229 autem
1281 3172 1315 3229 et

162 3273 282 3331 mortes
296 3274 331 3331 et
344 3266 529 3352 sepulturae
543 3265 805 3331 demonstrantur
823 3264 964 3331 deorum.
1010 3265 1131 3330 Utrum
1146 3265 1247 3350 igitur
1262 3265 1314 3330 hio

162 3367 365 3433 confirmasse
393 3367 522 3433 videtur
548 3366 737 3453 religionem
766 3388 809 3431 an
838 3367 969 3452 penitus
998 3374 1101 3432 totam
1126 3367 1314 3434 sustulisset

110 3515 150 3572 30
164 3470 290 3539 Omitto
304 3470 491 3536 Eleusinem
506 3478 651 3536 sanctam
666 3470 756 3535 illam
771 3477 807 3536 et
820 3477 1000 3557 augustam,

372 3628 440 3686 Ubi
456 3628 641 3685 initiantur
656 3631 771 3700 gentes
789 3645 919 3684 orarum
936 3628 1082 3699 ultimao,

210 3937 354 3988 tutamur
369 3948 427 3997 ross,
445 3937 572 3988 oideoouu
588 3937 665 3988 Allan
680 3936 767 3989 Madv.
783 3937 832 3989 Ba.
945 3937 978 3989 1o
993 3939 1098 3991 liberor-t
1113 3939 1191 4004 [ΒἘ]
1206 3945 1225 3991 ο
1241 3939 1309 4003 Asu,

162 4018 267 4068 liberm
278 4015 450 4067 ΔΒΙΟΠΒΗΟ.
548 4019 581 4067 10
596 4019 718 4070 Prodicus
728 4020 797 4081 Asa,
806 4021 927 4084 prodigus
938 4019 1004 4075 X÷.
1070 4023 1131 4072 Cius
1141 4027 1173 4088 v²
1183 4021 1313 4074 Viotorlus

162 4097 206 4158 (ol.
216 4097 325 4148 mmm.
335 4097 412 4149 Iruor.
426 4111 455 4147 rv
466 4098 550 4161 11³0),
569 4101 632 4150 Gerre
647 4101 713 4151 Dav.
729 4100 800 4161 aru..
813 4103 896 4152 ubiuis
911 4101 985 4162 ABG,
1000 4104 1083 4154 ohiiru
1097 4109 1125 4162 B,
1141 4105 1212 4154 ohim
1226 4103 1310 4157 ΕΉ.

162 4177 196 4227 80
210 4179 354 4227 Eleusinem
363 4177 472 4236 AGE4,
482 4181 606 4230 Eleusina
616 4179 649 4238 B,
659 4183 807 4232 Eleusinum
817 4183 928 4233 mm.
1007 4183 1040 4233 tl
1056 4197 1154 4234 mamm
1164 4182 1311 4248 [Bcfflm

163 4259 279 4308 uorum
289 4257 402 4319 AO¹B÷.
413 4261 470 4310 orat
479 4259 547 4323 ooni.
557 4259 666 4325 Bentley
675 4275 710 4312 on
721 4261 786 4311 Hor.
798 4263 844 4313 od.
856 4275 866 4312 r
878 4263 918 4312 35.
930 4263 971 4313 19.
