3117 4975
312 396 378 446 ma.
400 394 415 444 1
437 394 512 444 cnr.
536 392 842 442 xxxvi—xxxvru
865 376 905 463 ξς
927 376 1106 447 101-107.
1242 378 1285 449 37

131 545 190 617 tet,
203 538 322 605 deinde
337 560 422 626 quas
436 560 533 604 causa
551 560 627 604 enm
649 539 718 604 loco
739 544 877 615 moveat,
893 536 920 602 si
942 537 1038 603 modo
1059 545 1207 605 movetur
1227 538 1286 605 ali·

5 662 7 668 ’
131 640 271 728 quando,
291 663 395 729 porro,
416 662 491 707 cum
512 641 574 706 hoc
594 640 761 727 proprium
783 640 827 706 sit
848 639 1072 719 animantium,
1094 648 1134 707 ut
1161 640 1285 728 aliquid

130 748 295 825 appetant,
310 740 398 826 quod
419 740 463 805 sit
484 748 620 805 naturae
641 737 927 818 accommodatum,
942 738 1021 805 deus
1042 740 1123 826 quid
1143 749 1285 827 appetat,

130 840 174 905 ad
188 862 288 927 quam
302 840 442 928 denique
456 862 526 906 rem
547 850 638 907 motu
658 840 779 907 mentis
793 862 831 906 ae
844 841 970 907 ratione
989 848 1109 923 utatur,
1122 853 1284 930 postremo

100 964 197 1035 gquo
225 943 321 1009 modo
349 944 466 1009 beatus
494 944 547 1024 sit,
574 965 640 1030 quo
669 942 766 1009 modo
795 950 954 1009 aeternus.
1005 942 1167 1031 Quicquid
1195 947 1284 1013 enim

130 1047 248 1114 horum
276 1048 431 1135 attigeris,
455 1047 548 1114 ulcus
573 1056 631 1114 est
675 1048 731 1113 Ita
756 1046 841 1113 male
870 1047 1023 1113 instituta
1051 1049 1134 1116 ratio
1159 1050 1283 1117 exitum

5 1228 10 1242 ι
130 1151 271 1236 reperire
299 1172 366 1217 non
394 1158 511 1237 potest.
554 1149 609 1217 Sic
637 1149 726 1215 enim
754 1148 892 1227 dicebas,
918 1149 1059 1235 speciem
1083 1150 1137 1217 dei
1162 1152 1282 1239 percipi
1298 1167 1356 1227 105

131 1255 334 1340 cogitatione,
349 1276 414 1320 non
428 1276 609 1332 sensurae
629 1275 697 1320 esse
717 1253 753 1319 in
774 1275 815 1319 ea
836 1253 937 1319 ullam
959 1254 1163 1336 soliditatem,
1178 1279 1283 1345 neque

131 1356 268 1422 eandem
289 1356 330 1422 ad
352 1378 524 1422 numerum
546 1378 743 1442 permanere,
766 1378 904 1443 eamque
933 1379 1001 1423 esse
1026 1358 1098 1446 ejus
1119 1360 1283 1438 visionem,

3 1500 18 1545 .¹
80 1489 118 1528 ιο
131 1470 170 1527 ut
180 1460 392 1528 similitudine
401 1470 436 1529 et
445 1461 637 1527 transitione
647 1469 806 1540 cernatur,
819 1483 925 1549 neque
937 1461 1067 1528 deficiat
1077 1485 1232 1551 umquam
1242 1486 1283 1529 ex

129 1564 267 1631 infinitis
287 1566 473 1652 corporibus
494 1564 649 1631 similium
668 1564 814 1644 accessio,
829 1586 871 1631 ex
885 1586 987 1651 eoque
1003 1566 1081 1646 fieri,
1095 1576 1134 1635 ut
1152 1568 1187 1633 in
1203 1568 1283 1635 haee

129 1666 259 1732 intenta
268 1688 361 1733 mens
370 1674 480 1733 nostra
489 1666 619 1732 beatam
630 1666 721 1732 illam
731 1674 883 1731 naturam
892 1675 926 1733 et
938 1668 1167 1754 sempiternam
1178 1679 1282 1757 putet

4 1799 10 1807 ·
130 1770 324 1837 XXXVIII.
341 1770 422 1850 Hoc,
430 1792 489 1857 per
499 1770 585 1858 ipsos
593 1770 677 1849 deos,
687 1769 727 1836 de
738 1769 1037 1856 quibusloquimur,
1045 1773 1141 1858 quale
1149 1774 1282 1840 tandem

129 1874 203 1937 estl
246 1870 335 1937 Nam
349 1871 377 1937 si
391 1881 522 1937 tantum
536 1870 632 1938 modo
646 1870 687 1936 ad
707 1870 936 1956 cogitationem
950 1873 1061 1939 valent
1078 1895 1138 1940 neo
1159 1875 1282 1941 habent

4 2058 8 2069 Ι
80 2001 115 2061 15
130 1974 232 2039 ullam
259 1974 458 2040 soliditatem
486 1996 547 2040 nee
575 1972 796 2052 eminentiam,
824 1973 904 2061 quid
932 1973 1078 2055 interest,
1103 1984 1215 2043 utrum
1241 1977 1281 2044 de

131 2076 396 2164 Hippocentauro
411 2101 454 2143 an
468 2078 510 2144 de
527 2078 588 2144 deo
605 2078 806 2164 cogitemusl
829 2078 968 2145 Omnem
984 2080 1072 2145 enim
1087 2080 1186 2159 talem
1206 2104 1282 2148 eon·

129 2182 353 2247 formationem
368 2182 471 2249 animi
484 2182 583 2250 ceteri
597 2181 781 2268 philosophi
801 2190 926 2248 motum
941 2183 1071 2249 inanem
1086 2194 1210 2267 vocant,
1224 2208 1281 2253 vos

2 2345 7 2359 ,
129 2296 240 2353 autem
254 2286 432 2353 adventum
445 2287 481 2353 in
495 2287 620 2353 animos
633 2295 668 2352 et
681 2286 852 2352 introitum
870 2287 1049 2374 imaginum
1069 2288 1186 2357 dicitis.
1231 2290 1281 2357 Ut
1295 2310 1352 2370 103

128 2388 232 2476 igitur
257 2390 305 2455 ri.
332 2391 513 2457 Gracchum
543 2412 617 2455 cum
646 2389 758 2456 videor
786 2390 1026 2456 contionantem
1055 2390 1091 2457 in
1120 2392 1280 2480 Capitolio

77 2496 239 2562 revidere
267 2496 308 2562 de
331 2497 375 2563 M.
398 2497 534 2562 Octavio
563 2497 762 2562 deferentem
785 2495 933 2574 sitellam,
955 2503 1028 2562 tum
1057 2519 1132 2562 eum
1154 2507 1280 2564 motum

2 2611 9 2648 '²
128 2600 231 2666 animi
251 2600 324 2666 dico
346 2622 416 2668 esse
438 2600 577 2679 inanem,
597 2609 635 2664 tu
655 2608 767 2664 autem
787 2606 822 2664 et
840 2598 977 2664 Gracchi
998 2606 1033 2665 et
1053 2600 1180 2667 Octavii
1200 2602 1281 2667 ima-

127 2706 220 2792 gines
237 2727 413 2784 remanere,
433 2727 525 2791 quae,
544 2704 581 2770 in
602 2703 802 2790 Capitolium
821 2724 895 2769 eum
916 2705 1129 2789 pervenerint,
1149 2713 1219 2772 tum
1238 2706 1280 2771 ad

126 2811 274 2876 animum
291 2831 403 2875 meum
420 2809 602 2874 referantur
612 2829 621 2887 ;
643 2807 704 2872 hoe
723 2807 811 2872 idem
833 2806 902 2872 fieri
922 2807 957 2872 in
976 2807 1045 2887 deo,
1059 2809 1151 2895 cnjus
1170 2811 1280 2877 crebra

2 2901 13 2920 ”
126 2916 210 2982 facie
229 2915 394 3001 pellantur
413 2913 525 2993 animi,
545 2935 585 2978 ex
608 2934 673 2998 quo
690 2933 761 2978 esse
782 2911 870 2977 beati
891 2919 989 2998 atque
1011 2914 1135 2979 aeterni
1152 2913 1280 2981 intelle-

76 3036 114 3094 25
127 3027 255 3106 gantur.
299 3019 365 3084 Fac
391 3016 549 3104 imagines
573 3037 651 3095 esse,
676 3015 796 3102 quibus
820 3015 991 3100 pulsentur
1012 3017 1131 3099 animi;
1159 3019 1279 3104 species
1294 3040 1351 3101 10?

127 3126 298 3191 dumtaxat
313 3122 464 3209 objicitur
482 3120 662 3209 quaedam;
684 3140 764 3185 num
783 3119 891 3196 etiam,
907 3139 965 3183 cur
985 3140 1023 3184 ea
1043 3119 1139 3185 beata
1157 3121 1208 3198 sit,
1223 3142 1280 3186 cur

127 3232 282 3295 aeternat
325 3228 418 3310 Quae
440 3234 551 3291 autem
577 3225 658 3289 istae
684 3222 843 3309 imagines
865 3230 990 3288 vestrae
1013 3232 1072 3289 aut
1094 3225 1204 3292 undet
1246 3227 1279 3291 A
1336 3213 1339 3218 ¹

127 3331 313 3398 Democrito
341 3330 472 3396 omnino
502 3328 582 3393 haee
610 3325 759 3406 licentia3
790 3324 847 3391 sed
872 3333 907 3390 et
936 3325 991 3391 ille
1019 3327 1231 3411 reprehensus
1259 3351 1279 3393 a

2 3487 4 3492 .
125 3437 240 3504 multis
267 3443 410 3515 estnec
432 3455 490 3499 vos
518 3431 644 3498 exitum
673 3429 829 3517 reperitis,
855 3436 988 3516 totaque
1014 3452 1064 3496 res
1089 3430 1219 3496 vacillat
1243 3440 1279 3498 et

73 3561 114 3620 30
126 3543 294 3610 claudicat.
329 3541 418 3606 Nam
433 3537 512 3625 quid
527 3544 584 3616 est,
600 3534 686 3623 quod
701 3534 809 3600 minus
824 3533 952 3620 probari
966 3533 1089 3619 possitl
1121 3533 1277 3601 Omnium

173 3667 784 3743 immuanmn.,pammmm
913 3667 1276 3730 latiomocawsedd..

55 3771 60 3778 “
124 3756 443 3821 mroasmgenenlly.
604 3754 790 3814 tutricem,
803 3752 980 3814 ateramum
990 3753 1275 3816 annumeraratas-rra

125 3839 229 3904 conti.
244 3839 270 3891 Β.
284 3835 358 3887 Reid.
450 3835 483 3887 19
498 3835 582 3899 latter
591 3845 649 3894 uss,
663 3831 785 3882 omadd
797 3833 862 3883 alter
872 3829 958 3882 Madv.
1024 3833 1133 3894 Tisdd„
1146 3837 1232 3885 Titum
1242 3834 1274 3894 X,

124 3919 263 3982 witmau,
277 3919 406 3970 Titarion
415 3915 451 3968 U.
575 3916 608 3965 20
623 3915 777 3977 vidercnss,
790 3911 1082 3977 ciderectooni.Bnulr.
1157 3915 1274 3974 mse..

124 3999 257 4053 numa.
367 3999 399 4048 m
417 3994 965 4059 asaaaaaanoamcaan.
1072 3995 1104 4044 ιι
1116 3998 1276 4060 mamm

125 4095 176 4132 ιω
195 4079 325 4144 generally
345 4078 415 4137 fich..
433 4078 589 4141 pemeaeriar
608 4075 638 4125 Μ
658 4075 688 4126 ot
706 4075 794 4126 Moser
815 4075 967 4132 G÷Heind
988 4074 1075 4126 Madv.
1093 4076 1137 4127 Or.
1152 4077 1201 4128 Ba.
1220 4077 1275 4128 Mu.

125 4165 158 4214 at
172 4159 309 4219 moda,
320 4173 387 4210 nanc
397 4157 422 4208 X
432 4158 510 4218 Mna,
521 4155 624 4208 acam.
636 4156 797 4220 (comparing
807 4160 861 4207 Art
873 4171 901 4207 rr
911 4159 948 4222 t).
1033 4159 1066 4207 80
1077 4159 1277 4221 penitenciam

125 4243 315 4303 XUmmao,
330 4241 412 4304 pona
424 4253 500 4303 qaam
514 4239 623 4288 omnim
637 4237 696 4287 an.
711 4241 800 4288 mv
815 4236 873 4288 Scin
888 4238 951 4302 lta,
964 4251 993 4302 p.
1004 4252 1030 4301 q.
1046 4239 1170 4288 henim
1179 4241 1202 4290 lt
1211 4236 1275 4289 aaa

126 4325 170 4376 Or.
180 4323 238 4385 Ba,
247 4323 328 4386 pouit
339 4321 448 4370 ommam
458 4333 535 4384 quom
545 4316 650 4380 Heind,
659 4320 741 4382 pontt
751 4333 828 4382 qaam
838 4321 936 4370 amatae
947 4318 1013 4382 coni.
1025 4317 1049 4369 J.
1062 4317 1088 4369 S.
1101 4317 1174 4370 Reid.

4 926 14 958 ἲ
