3117 4975
279 419 321 484 34
661 434 708 482 nn
730 433 872 483 aarum
894 436 1048 486 nnearur.

279 601 359 659 sum,
375 581 461 646 unde
476 581 517 646 ad
536 581 615 646 istas
637 582 802 669 opiniones
817 593 925 648 vester
946 584 1000 649 ille
1022 583 1170 669 princeps
1184 583 1318 650 venerit.
1364 583 1432 650 Sed

278 685 416 750 clanrare
440 709 504 751 non
535 686 684 752 desinitis
712 687 919 752 retinendum
948 688 1010 754 hcc
1038 710 1115 766 esse,
1139 688 1219 754 deus
1248 696 1287 753 ut
1315 688 1432 754 beatus

278 788 533 877 immortalisque
548 791 601 856 sit.
647 790 733 872 Quid
749 799 860 856 autem
875 790 991 870 obstat,
1004 813 1070 876 quo
1084 791 1192 856 minus
1207 790 1251 856 sit
1264 791 1388 868 beatus,
1402 789 1432 854 si

278 897 402 961 nonsit
417 895 534 983 bipesl
556 903 614 962 aut
634 895 707 976 ista,
723 895 791 961 sive
806 896 946 960 beatitas
960 896 1028 961 sire
1048 895 1216 961 beatitudo
1230 893 1367 958 dicenda
1380 901 1432 958 est

279 1005 466 1088 (utrumque
481 1002 613 1067 omnino
628 1001 756 1079 durum,
773 1001 829 1066 sed
845 1023 905 1065 usn
920 1001 1095 1065 mollienda
1108 1000 1201 1064 nobis
1215 997 1314 1065 verba
1330 996 1430 1081 sunt),
1466 1027 1486 1089 5

279 1126 391 1170 rerum
407 1127 452 1183 ea,
468 1125 689 1191 quaecumque
705 1112 763 1181 est,
777 1112 907 1169 curant
921 1103 955 1168 in
971 1104 1071 1168 solem
1091 1103 1183 1167 illum
1206 1109 1265 1167 aut
1285 1101 1320 1165 in
1342 1100 1431 1165 hunc

279 1209 437 1273 mundum
452 1209 560 1274 autin
575 1208 718 1293 aliquam
733 1216 878 1273 mentem
900 1216 1065 1272 aeternam
1087 1207 1191 1292 figura
1212 1203 1430 1288 membrisque

228 1327 265 1386 ns
279 1313 417 1398 corporis
440 1335 574 1378 vacuam
600 1312 713 1378 cadere
743 1333 808 1376 non
838 1315 968 1398 potestl
1012 1311 1105 1376 Nihil
1130 1311 1219 1376 aliud
1243 1309 1324 1374 dicis
1348 1307 1431 1372 nisi:

279 1417 486 1504 ‘Numquam
502 1409 567 1482 vidi
583 1418 682 1483 solem
698 1425 756 1482 aut
771 1417 930 1482 mundum
945 1417 1076 1482 beatum
1088 1415 1104 1483 ¹.
1138 1415 1248 1496 Quid?
1269 1411 1429 1477 mundum

278 1530 406 1608 praeter
430 1523 516 1588 hunc
542 1545 739 1608 umquamne
764 1521 896 1588 vidistit
939 1521 1093 1606 Negabis.
1137 1521 1205 1587 Cur
1234 1520 1335 1606 igitur
1361 1539 1427 1582 non
1447 1551 1488 1589 10
1546 1513 1552 1521 ’

277 1634 421 1692 sescenta
449 1626 541 1692 milia
569 1649 637 1692 esse
666 1626 869 1704 mundorum,
899 1625 956 1691 sed
985 1624 1233 1690 innumerabilia
1268 1644 1366 1689 ausus
1394 1643 1430 1686 es

277 1728 405 1795 diceret
448 1729 564 1796 ‘Ratio
583 1730 714 1796 docuit'.
759 1730 845 1819 Ergo
866 1731 927 1795 hoc
944 1739 978 1796 te
1000 1730 1084 1795 ratio
1107 1753 1173 1795 non
1194 1730 1331 1808 decebit,
1353 1749 1429 1794 cum

278 1833 555 1916 praestantissima
568 1843 685 1898 natura
702 1841 885 1918 quaeratur,
900 1855 1002 1919 eaque
1018 1834 1114 1898 beata
1128 1841 1163 1898 et
1181 1842 1314 1898 aeterna
1332 1835 1429 1916 (qnae

278 1933 345 1999 sola
358 1934 470 2001 divina
483 1944 601 2002 natura
615 1937 687 2022 est),
701 1945 739 2002 ut
754 1936 1001 2001 immortalitate
1016 1936 1184 2001 vincamur
1197 1934 1239 1999 ab
1251 1956 1291 2000 ea
1302 1941 1429 2009 natura,

277 2037 322 2102 sic
337 2037 437 2103 animi
453 2039 650 2124 praestantia
665 2039 757 2116 vinci,
773 2047 872 2125 atque
885 2048 925 2104 ut
939 2039 1048 2119 animi,
1061 2040 1141 2104 item
1155 2038 1317 2124 corporisi
1360 2035 1429 2102 Cur
1446 2068 1483 2128 15

277 2140 385 2225 igitur,
400 2163 474 2207 cnm
495 2143 609 2208 ceteris
629 2142 724 2207 rebus
743 2142 909 2207 inferiores
930 2143 1040 2220 simus,
1054 2142 1158 2207 forma
1178 2163 1272 2226 pares
1293 2142 1428 2206 sumusl

276 2246 318 2310 ad
332 2246 578 2314 similitudinem
593 2247 680 2312 enim
690 2247 827 2314 deorum
843 2247 974 2333 propius
985 2247 1157 2312 accedebat
1171 2246 1315 2310 humana
1324 2244 1429 2309 virtus

227 2364 375 2436 siquam
391 2351 500 2438 figura.
544 2351 679 2418 XXXV.
722 2351 799 2437 Ipsa
813 2373 888 2417 vero
904 2373 1004 2438 quam
1023 2351 1106 2416 nibil
1125 2351 1167 2415 ad
1187 2372 1255 2415 rem
1277 2349 1428 2436 pertinet,

276 2475 360 2540 quae
386 2477 441 2521 ros
463 2453 602 2522 delectat
631 2455 781 2535 maxime,
805 2455 1001 2523 similitudo!
1059 2455 1171 2538 Quidl
1203 2455 1292 2523 canis
1319 2477 1427 2522 nonne

276 2560 390 2626 similis
404 2561 504 2647 lupoi
526 2570 633 2647 atque,
647 2568 685 2625 ut
701 2560 834 2640 Ennius,
1442 2596 1483 2636 20
1544 2627 1549 2637 ,

424 2706 529 2761 Simia
546 2723 642 2777 qnam
660 2705 791 2777 similis,
810 2708 1018 2779 turpissuma
1035 2707 1151 2779 bestia,
1169 2708 1285 2765 nobis!

275 2868 310 2929 ai·
324 2882 428 2928 mores
442 2862 475 2926 in
494 2871 630 2947 utroque
649 2861 800 2947 dispares.
847 2862 1030 2948 Elephantc
1050 2862 1219 2927 beluarum
1240 2862 1330 2927 nulla
1350 2884 1427 2947 pru·

226 2980 264 3040 98
275 2966 421 3047 dentior;
436 2974 478 3031 'at
492 2965 597 3053 figura
611 2988 694 3051 quae
710 2967 850 3032 vastiori
878 2966 930 3032 De
944 2967 1056 3032 bestiis
1071 2968 1202 3053 lcqu0r;
1219 2968 1322 3053 quidi
1340 2968 1427 3034 inter

276 3073 360 3159 ipsos
383 3072 529 3138 homines
555 3093 662 3137 nonne
688 3079 723 3137 et
747 3071 921 3143 simillimis
950 3072 1061 3137 formis
1089 3072 1232 3158 dispares
1262 3094 1366 3137 mores
1391 3080 1426 3137 et

276 3180 417 3246 moribus
438 3178 574 3265 pamma
596 3178 700 3263 figura
727 3176 914 3242 dissimilisl
958 3176 1092 3241 Etenim
1121 3178 1149 3242 si
1172 3177 1280 3253 semel,
1308 3175 1424 3254 Vellei,
1441 3208 1479 3268 ²5

274 3285 466 3372 suscipimus
479 3304 581 3370 genus
595 3281 655 3347 hoc
669 3281 863 3366 argumenti,
877 3282 1020 3361 attende,
1034 3303 1098 3367 quo
1114 3289 1230 3368 serpat
1267 3280 1317 3345 Tu
1336 3281 1425 3345 enim

274 3388 422 3454 sumebas
448 3386 510 3452 nisi
536 3386 572 3450 in
595 3384 735 3450 hominis
761 3383 866 3469 figura
893 3383 1054 3448 rationem
1082 3383 1188 3448 inesse
1217 3404 1283 3447 non
1311 3404 1424 3469 posse;

274 3498 381 3557 sumet
392 3489 474 3555 alius
489 3488 551 3553 nisi
566 3489 601 3552 in
616 3486 767 3564 terrestri,
784 3486 848 3550 nisi
862 3486 897 3549 in
912 3508 959 3564 eo,
974 3486 1031 3571 qui
1051 3493 1147 3549 natus
1167 3485 1219 3562 sit,
1233 3485 1297 3549 nisi
1319 3485 1354 3549 in
1376 3506 1423 3563 ec,

322 3719 338 3769 4
355 3717 421 3782 bipes
439 3716 567 3778 ABEN,
586 3717 662 3779 impes
682 3716 744 3766 CBK
760 3714 836 3765 Allen
854 3713 985 3781 (omitting
1000 3713 1068 3779 men).
1133 3720 1171 3766 eet
1185 3714 1217 3775 Β,
1233 3722 1258 3765 st
1274 3714 1303 3774 0,
1319 3715 1355 3765 eit
1370 3719 1421 3777 011,

272 3808 331 3853 suat
341 3801 466 3855 ΔΕῧσψ.
537 3801 569 3850 10
584 3814 731 3861 umquamne
741 3804 764 3849 it
774 3797 841 3858 edd„
851 3814 1014 3862 numquamne
1026 3812 1076 3849 ires
1087 3798 1224 3862 generally.
1248 3803 1251 3809 '
1290 3799 1321 3847 1a
1338 3800 1424 3849 decuit

273 3898 322 3935 rrss
343 3882 480 3947 generally,
501 3882 588 3947 taqua
609 3883 694 3933 docuit
716 3882 758 3935 ΘΟ
778 3880 873 3933 Heind.
896 3881 956 3935 Seh.
1005 3891 1010 3897 ’
1042 3884 1138 3933 decebit
1159 3896 1217 3941 uss,
1238 3882 1340 3933 aare
1362 3882 1423 3933 Scir.

274 3966 306 4016 14
322 3968 411 4016 diuina
423 3971 516 4015 nature
528 3978 579 4015 uss
591 3965 727 4029 generally,
744 3966 846 4015 divinae
860 3972 967 4015 naturae
980 3964 1022 4015 El.
1034 3964 1096 4028 Bag.
1107 3966 1166 4014 Aac.
1181 3970 1283 4024 (utve,
1294 3967 1324 4015 u'm
1334 3967 1424 4017 divine

272 4054 366 4097 matura
382 4046 407 4097 U
423 4042 485 4099 Bed.
504 4049 532 4097 0.
597 4052 634 4096 eet
649 4046 704 4105 ΒΕ,
721 4053 781 4096 aunt
795 4046 839 4096 AO
855 4046 924 4096 Mus.
941 4045 1035 4098 Heind.
1136 4047 1167 4097 17
1184 4047 1283 4096 &orum
1298 4045 1345 4097 Ba.
1359 4048 1425 4098 aiter

273 4130 393 4190 Mamm
405 4142 454 4179 uss
465 4128 517 4187 Or..
529 4128 570 4178 dei
583 4126 676 4177 Iramb.
691 4126 751 4177 Scir.
850 4127 882 4176 18
899 4126 945 4179 Six
958 4127 1024 4176 lines
1039 4123 1123 4176 which
1136 4125 1221 4175 follow
1231 4129 1320 4190 fiyura
1335 4127 1363 4177 in
1378 4128 1425 4178 the

273 4225 324 4263 rrss
335 4210 388 4261 and
398 4209 454 4261 edd.
465 4210 531 4260 hare
541 4208 605 4259 been
617 4206 769 4271 transposed
779 4210 807 4258 to
818 4210 832 4270 ς
842 4210 882 4260 88.
968 4210 1001 4257 23
1017 4209 1138 4271 etfimtra
1149 4208 1278 4261 GEOLU÷
1285 4207 1344 4260 sch.
1358 4209 1423 4269 Mu„

272 4295 307 4345 ud
321 4295 433 4358 fipumm
453 4290 538 4342 Xm'
560 4290 603 4341 Or.
626 4290 673 4342 Ba.
792 4291 824 4340 25
848 4291 953 4354 puritate
975 4289 1041 4353 conj.
1065 4289 1117 4348 ill,
1140 4302 1191 4341 om.
1217 4302 1266 4339 uss
1287 4291 1424 4354 generally,

271 4378 407 4427 simillimis
419 4374 443 4424 U
454 4374 497 4424 El.
509 4374 532 4424 (i
543 4372 694 4429 amaena
