3117 4975
287 451 328 514 36
668 463 716 511 nu
737 461 880 512 uarum
900 461 1056 513 nnonum

285 623 403 681 areum,
434 604 577 690 sagittas,
613 603 749 684 hastam,
786 603 937 689 clipeum,
974 602 1141 682 fuscinam,
1169 602 1301 680 fulmen,
1332 610 1368 668 et
1401 602 1441 683 si,
1554 662 1556 673 .

285 703 426 771 actiones
452 727 536 792 quae
564 706 631 772 sint
651 705 796 786 deorum,
817 727 885 771 non
906 704 1027 782 vident,
1050 706 1134 770 nihil
1154 713 1306 791 agentem
1327 712 1441 770 tamen

284 808 382 875 deum
397 833 463 876 non
477 819 603 897 queunt
622 811 771 897 cogitare.
816 810 893 896 Ipsi,
908 810 965 895 qui
987 809 1172 888 irridentur,
1187 808 1345 896 Aegyptii
1365 809 1440 874 nul-
1554 896 1555 899 Ἴ

285 915 351 978 lam
367 915 498 980 beluam
520 915 583 980 nisi
606 913 648 980 ob
669 913 813 999 aliquam
836 913 1023 993 utilitatem,
1038 935 1136 1000 quam
1157 935 1199 979 ex
1219 935 1260 978 ea
1279 921 1440 999 caperent,
1550 934 1556 957 ³

285 1027 559 1088 consecraverunt.
580 1019 680 1086 Velut
691 1018 760 1084 ibes
775 1019 952 1083 maximam
963 1017 1030 1083 vim
1045 1017 1244 1104 serpentium
1256 1016 1439 1097 conficiunt,
1475 1044 1494 1105 5
1554 1016 1555 1037 l

286 1147 360 1190 eum
389 1125 455 1190 sint
483 1145 559 1190 aves
589 1123 741 1200 excelsae,
772 1120 918 1187 eruribus
946 1120 1068 1206 rigidis,
1097 1141 1213 1185 corneo
1244 1139 1439 1206 proceroque

285 1236 406 1308 rostro;
428 1232 580 1291 avertunt
601 1231 727 1310 pestem
748 1223 791 1289 ab
813 1224 970 1310 Aegypto,
992 1244 1066 1287 eum
1089 1221 1233 1286 volucres
1254 1242 1376 1306 augum
1396 1240 1440 1284 ex
1550 1234 1556 1249 ⁴

285 1328 438 1395 vastitate
460 1328 582 1413 Libyae
604 1336 702 1394 vento
724 1326 835 1392 Africo
856 1311 1001 1391 invectas
1022 1324 1223 1390 interficiunt
1243 1331 1343 1410 atque
1363 1343 1439 1387 oon·

285 1437 437 1510 sumunt3
459 1451 498 1494 ex
513 1450 578 1514 quo
592 1427 639 1505 fit,
653 1436 693 1493 ut
708 1427 783 1493 illae
797 1449 857 1492 nec
872 1447 983 1492 morsu
998 1426 1090 1491 vivae
1105 1432 1242 1491 noceant
1260 1446 1321 1490 neo
1342 1423 1440 1488 odore
1553 1492 1556 1513 λ

287 1539 441 1597 mortuae.
486 1531 620 1596 Possum
639 1530 679 1596 de
697 1530 950 1595 ichneumonum
970 1530 1122 1606 utilitate,
1137 1528 1178 1595 do
1199 1527 1438 1607 crocodilorum,
1456 1562 1496 1601 10
1546 1515 1556 1577 l

286 1636 327 1701 de
342 1635 475 1700 faelium
495 1633 609 1713 dicere,
625 1634 681 1700 sed
703 1635 776 1699 nolo
795 1655 863 1699 esse
882 1634 1005 1719 longua
1049 1633 1104 1698 Ita
1117 1631 1314 1710 concludam,
1327 1639 1439 1696 tamen

286 1739 399 1804 beluas
424 1759 445 1804 a
468 1735 612 1803 barbaris
640 1746 771 1824 propter
800 1737 994 1803 beneficium
1023 1746 1229 1816 consecratas,
1259 1744 1440 1801 vestrorum
1547 1754 1555 1817 ,l

286 1839 422 1906 deorum
443 1861 508 1906 non
530 1840 625 1905 modo
647 1840 841 1906 beneficium
862 1841 990 1905 nullum
1019 1849 1154 1920 exstare,
1175 1841 1233 1906 sed
1253 1863 1296 1906 ne
1317 1840 1440 1905 factum

217 1959 273 2017 102
287 1944 417 2030 quidem
433 1944 573 2012 omnino.
618 1944 710 2009 Nihil
725 1945 834 2022 habet,
848 1943 965 2031 inquit,
980 1945 1111 2031 negotii
1154 1945 1301 2011 Profecto
1320 1945 1440 2032 Epicu-

286 2070 341 2113 rus
377 2048 469 2134 quasi
506 2047 600 2134 pueri
636 2047 766 2113 delicati
801 2049 885 2113 nihil
914 2050 1090 2115 cessatione
1118 2050 1235 2116 melius
1263 2051 1438 2118 existimat.
1456 2079 1493 2140 15
1548 2073 1556 2097 ¹

288 2150 463 2219 XXXVII.
506 2152 554 2217 At
575 2151 637 2236 ipsi
660 2159 770 2217 tamen
792 2151 896 2237 pueri,
919 2152 1019 2219 etiam
1041 2175 1115 2219 cum
1136 2164 1270 2236 cessant,
1285 2157 1440 2222 exercita·

287 2256 377 2322 tione
402 2256 513 2342 aliqua
534 2256 657 2322 ludicra
682 2255 903 2338 delectantur;
930 2257 1028 2323 deum
1050 2257 1096 2323 sic
1116 2258 1268 2325 feriatum
1288 2259 1440 2326 volumus

288 2360 463 2426 cessatione
485 2367 621 2446 torpere,
644 2367 692 2438 ut,
714 2359 743 2424 si
764 2381 798 2426 se
821 2361 1038 2438 commoverit,
1060 2382 1238 2441 vereamur,
1260 2384 1303 2428 ne
1322 2361 1440 2429 beatus
1549 2355 1556 2371 ¹

288 2485 356 2531 esse
371 2486 436 2529 non
450 2463 573 2551 possiti
617 2463 708 2530 Haeo
726 2463 829 2529 oratio
849 2486 915 2530 non
937 2463 1032 2531 modo
1054 2464 1130 2532 deos
1152 2466 1269 2554 spoliat
1290 2474 1382 2533 motu
1403 2475 1440 2533 et

287 2569 414 2634 actione
428 2568 546 2646 divina,
562 2568 618 2634 sed
632 2568 732 2634 etiam
747 2568 895 2635 homines
909 2568 1030 2635 inertes
1044 2568 1152 2649 efficit,
1166 2570 1326 2657 siquidem
1339 2593 1440 2658 agens
1452 2599 1494 2637 20
1543 2609 1556 2648 „

288 2674 410 2761 aliquid
425 2696 467 2739 ne
480 2673 560 2739 deus
575 2673 706 2760 quidem
722 2696 790 2739 esse
804 2673 920 2739 beatus
932 2681 1048 2760 potest.
1553 2653 1556 2678 ⁴

218 2796 276 2856 103
354 2778 475 2843 Verum
498 2778 541 2843 sit
562 2799 646 2855 sano,
665 2786 705 2843 ut
725 2778 833 2856 vultis,
855 2778 935 2844 deus
957 2778 1076 2865 effigies
1095 2778 1237 2846 hominis
1258 2787 1293 2846 et
1313 2778 1439 2869 imago,
1527 2827 1531 2833 .

289 2876 376 2965 quod
389 2876 460 2963 ejus
474 2885 524 2942 ast
538 2876 760 2943 domiciliuml
783 2900 867 2964 quae
881 2878 996 2945 sedesl
1017 2878 1075 2964 qui
1088 2879 1201 2945 locust
1222 2901 1305 2966 quae
1319 2880 1438 2947 deinde
1541 2875 1556 2927 ³

288 2981 371 3046 actio
393 2980 503 3046 vitael
531 2980 649 3066 quibus
670 2982 774 3061 rebus,
797 2981 831 3047 id
854 2981 940 3067 quod
962 2981 1070 3060 vultis,
1091 2982 1207 3049 beatus
1229 2987 1300 3049 estl
1325 2992 1439 3050 utatur

288 3082 376 3148 enim
390 3080 456 3145 suis
470 3081 563 3147 bouis
577 3091 703 3169 oportet
718 3092 747 3150 et
761 3083 894 3162 fruatur,
909 3084 966 3169 qui
980 3084 1096 3149 beatus
1110 3084 1238 3149 futurus
1253 3092 1311 3149 est.
1349 3085 1437 3150 Nam
1452 3114 1468 3152 2
1472 3110 1490 3171 5

286 3188 374 3253 locus
390 3185 522 3273 quidem
537 3186 576 3251 iis
591 3187 690 3253 etiam
710 3189 844 3263 naturis,
860 3209 945 3275 quae
964 3187 1034 3253 sine
1054 3187 1171 3253 animis
1190 3196 1276 3267 sunt,
1291 3210 1369 3253 sirus
1387 3196 1438 3255 est

287 3292 403 3379 cuique
425 3290 580 3377 proprius,
603 3298 642 3357 ut
663 3298 750 3356 terra
769 3290 921 3355 infimum
942 3297 1062 3368 teneat,
1080 3288 1163 3355 hanc
1185 3289 1323 3355 inundet
1343 3312 1437 3377 aqua,

286 3395 431 3483 superior
444 3395 522 3474 adri,
536 3392 689 3459 aetheriis
702 3391 833 3479 ignibus
852 3392 1011 3458 altissima
1029 3414 1085 3458 ora
1105 3391 1267 3457 reddatur.
1310 3392 1438 3459 Bestia-

286 3517 359 3560 rum
384 3500 496 3558 autem
521 3500 666 3558 terrenae
688 3500 765 3557 sunt
786 3491 877 3570 aliae,
900 3491 1021 3578 partim
1042 3490 1210 3578 aquatiles,
1232 3490 1314 3557 aliae
1344 3492 1438 3579 quasi
1543 3484 1555 3518 '¹

287 3596 443 3683 ancipites
462 3596 497 3660 in
514 3603 651 3681 utraque
673 3594 748 3660 sede
766 3593 931 3675 viventes3
950 3601 1027 3659 sunt
1048 3592 1209 3679 quaedam
1229 3594 1338 3672 etiam,
1353 3615 1437 3680 quae
1451 3621 1494 3678 ³0

286 3698 362 3784 igne
390 3697 479 3763 nasci
514 3704 672 3783 putentur
707 3705 947 3784 appareantque
976 3696 1013 3760 in
1040 3694 1228 3761 ardentibus
1256 3694 1438 3761 fornacibus
1554 3741 1555 3752 ,

216 3819 275 3879 104
287 3822 382 3887 saepe
396 3798 576 3866 volitantes.
621 3798 748 3881 Quaero
764 3798 873 3885 igitur,
889 3805 994 3864 vester
1008 3797 1089 3864 deus
1106 3797 1248 3884 primum
1267 3797 1325 3863 ubi
1346 3798 1437 3863 habi·

336 3985 369 4037 19
384 3984 615 4049 orotto[ABE]01,
627 3984 695 4035 ratio
706 3982 765 4035 008
775 3982 873 4035 Heind.
992 3983 1024 4032 25
1040 3988 1171 4046 oporteret
1181 3979 1223 4031 cll
1235 3979 1264 4031 ol
1272 3980 1358 4031 Moser
1367 3978 1435 4043 odd„
1543 4048 1552 4059 .

287 4064 685 4132 oportetXBn4,op.atAso.,
698 4068 874 4127 offatm,
887 4065 1158 4128 op.oclt‚op.aotlt.
1277 4061 1310 4109 28
1325 4062 1439 4124 superior

286 4151 341 4199 cert
357 4148 476 4198 aetloertis
495 4146 558 4211 Mu,
578 4147 661 4209 mpert
678 4148 775 4197 aetheri
794 4144 826 4203 B,
844 4146 929 4208 capere·
945 4146 1036 4195 etheria
1055 4142 1084 4202 0,
1100 4144 1185 4205 rupert
1201 4144 1287 4192 aether
1304 4141 1335 4203 Δ,
1353 4142 1438 4203 sapen·

286 4233 356 4281 atter
365 4230 438 4287 ΕΠ,
449 4230 562 4292 repertor
576 4230 657 4279 ethera
673 4227 774 4290 (finale
789 4226 928 4289 canoalled)
944 4231 972 4285 0,
987 4226 1101 4289 superior
1114 4226 1200 4274 aether
1214 4223 1309 4285 Um,
1325 4224 1439 4286 mmor

286 4328 330 4363 cer
355 4316 395 4377 v„
418 4313 531 4374 asportor
551 4310 647 4360 aenan·
669 4310 734 4362 Dar.
759 4309 803 4360 Or.
825 4309 882 4372 Ba,
909 4310 1022 4373 repertor
1045 4308 1100 4357 cert
1126 4305 1228 4355 Manus.
1253 4303 1349 4355 Heind.
1375 4302 1437 4355 aaa
1536 4332 1543 4342 ·

287 4394 317 4443 s1
335 4395 392 4455 tanc
403 4392 473 4441 noret
484 4389 597 4456 [XJBKQ
608 4391 664 4453 ipat
675 4392 746 4441 aocet
757 4392 892 4444 ΤΙΟΒῊ
899 4388 967 4451 sm,
980 4390 1010 4438 in
1020 4389 1077 4450 ipae
1088 4387 1160 4437 moi
1170 4384 1235 4435 Dav.
1247 4384 1291 4436 Or.
1301 4384 1349 4435 Be.
