3117 4975
316 476 380 525 mn.
403 475 416 523 1
439 473 512 524 cnr.
536 474 813 522 xxxrv—xxxvr
836 458 876 544 ξς
896 461 1055 524 95-101.
1219 461 1261 524 35

104 615 160 699 qui
175 615 364 694 adoleverit,
379 615 442 680 nisi
457 615 492 678 in
508 636 555 694 eo,
570 613 627 699 qui
645 613 804 691 didicerit,
820 613 884 678 nisi
903 613 938 678 in
959 636 1006 690 eo,
1020 614 1078 700 qui
1093 635 1134 679 ex
1153 613 1262 679 animo

103 727 232 785 constet
249 728 282 784 et
300 741 430 806 corpore
452 719 571 784 caduco
593 726 628 784 et
650 719 788 797 infirmo,
803 729 965 805 postremo
988 718 1050 784 nisi
1073 719 1109 784 in
1130 720 1262 787 homine

101 830 203 906 atque
219 822 359 888 mortali.
404 822 528 903 Quodsi
543 822 578 887 in
593 821 742 887 omnibus
762 822 814 886 his
833 821 929 887 rebus
951 821 1087 900 obsistis,
1101 822 1181 908 quid
1203 831 1261 902 est,

4 915 14 1008 t
102 925 190 1009 quod
209 935 245 991 te
262 927 367 990 forma
388 948 455 991 nna
476 925 671 991 conturbetl
714 924 777 990 His
798 925 888 990 enim
909 925 1068 1003 omnibus,
1083 947 1167 1010 quae
1187 948 1261 1011 pro-

70 1028 206 1109 sposui,
231 1027 394 1114 adjunctis
414 1029 449 1092 in
470 1028 600 1093 homine
619 1027 780 1092 rationem
799 1049 868 1092 esse
890 1036 925 1092 et
946 1036 1091 1093 mentem
1111 1027 1261 1108 videbns;

100 1130 226 1214 quibus
247 1131 400 1196 detractis
422 1130 519 1196 deum
543 1138 653 1195 tamen
675 1151 766 1195 nosse
789 1137 824 1198 te
845 1128 934 1207 dicis,
953 1129 1049 1194 modo
1070 1129 1260 1194 liniamenta

5 1251 9 1260 ’
101 1242 269 1303 maneant.
313 1234 386 1299 Hoc
415 1242 465 1299 est
495 1256 560 1299 non
590 1232 800 1312 considerare,
826 1233 883 1298 sed
911 1233 1004 1319 quasi
1033 1233 1150 1312 sortiri,
1180 1232 1259 1319 quid

100 1332 247 1420 loquare.
291 1336 368 1401 Nisi
396 1335 477 1402 forte
507 1357 548 1401 ne
575 1335 636 1400 hoo
664 1335 796 1422 quidem
825 1336 977 1414 attendis,
1006 1358 1072 1401 non
1101 1335 1195 1401 modo
1223 1335 1258 1400 in
1271 1344 1310 1404 ee

99 1435 248 1519 homine,
263 1439 319 1505 sed
341 1439 441 1505 etiam
464 1439 499 1503 in
521 1439 642 1517 arbore,
665 1438 820 1524 quicquid
841 1460 1114 1524 supervacaneum
1136 1439 1180 1505 eit
1200 1446 1259 1504 aut

52 1560 87 1598 ιο
101 1551 202 1604 usum
229 1565 295 1607 non
318 1541 446 1620 habeat,
473 1541 608 1608 obstare.
662 1540 770 1621 Quam
796 1542 969 1607 molestum
993 1551 1043 1607 est
1066 1563 1131 1606 uno
1156 1541 1259 1627 digito

100 1639 178 1723 plus
200 1641 337 1708 haberel
382 1641 472 1722 Quid
495 1641 564 1707 ital
607 1640 693 1721 Quia
713 1662 772 1706 neo
792 1639 834 1705 ad
856 1639 998 1726 speciem
1019 1663 1079 1706 neo
1100 1640 1141 1706 ad
1163 1663 1259 1706 usum

1 1765 10 1826 l,
100 1739 209 1806 alium
230 1743 376 1829 quinque
398 1742 591 1808 desiderant
635 1741 725 1808 Tuus
747 1750 859 1807 eutem
880 1741 960 1806 deus
981 1763 1047 1806 non
1068 1742 1172 1828 digito
1194 1764 1259 1807 nno

1 1833 2 1850 ¹
99 1843 278 1928 redundat,
308 1846 365 1912 sed
388 1847 503 1934 capite,
532 1847 621 1924 collo,
648 1846 834 1924 cervicibus,
859 1844 1023 1926 lateribus,
1048 1847 1130 1925 alvo,
1159 1855 1257 1932 tergo,

100 1946 293 2032 poplitibus,
316 1949 475 2026 manibus,
500 1947 646 2034 pedibus,
667 1947 851 2027 feminibus,
873 1947 1027 2013 cruribus.
1045 2005 1050 2013 .
1071 1947 1117 2025 si,
1138 1956 1177 2013 ut
1197 1949 1258 2012 im-

2 2055 12 2087 ’·
53 2071 85 2131 15
100 2049 252 2114 mortalis
273 2049 325 2126 sit,
342 2048 422 2135 quid
437 2048 517 2114 haee
536 2050 578 2114 ad
597 2049 699 2114 vitam
719 2048 866 2112 membra
885 2046 1075 2132 pertinenti
1095 2047 1173 2132 quid
1189 2047 1259 2133 ipsa

100 2149 225 2217 faciest
270 2152 376 2237 Magis
397 2151 462 2229 illa
477 2151 652 2224 cerebrum,
666 2171 727 2228 cor,
743 2151 921 2236 pulmones,
935 2149 1047 2235 jecur3
1070 2150 1150 2214 haec
1171 2149 1258 2215 enim

3 2331 5 2358 ·
99 2265 184 2322 sunt
206 2255 369 2320 domicilia
389 2255 495 2336 vitao;
516 2254 580 2321 oris
598 2255 729 2341 quidem
750 2254 884 2319 habitus
904 2251 946 2318 ad
967 2253 1053 2318 vitae
1070 2252 1259 2319 firmitatem

100 2357 188 2423 nihil
204 2359 354 2445 pertinet

172 2463 329 2529 XXXVI.
373 2463 418 2529 Et
441 2483 496 2529 eos
520 2461 735 2549 vituperabas,
757 2461 815 2549 qui
841 2483 882 2528 ex
907 2461 1058 2549 operibus
1079 2460 1258 2549 magnificis
1272 2473 1330 2534 1⁰0

1 2606 13 2668 q
52 2574 207 2654 roetque
236 2566 416 2653 praeclaris,
448 2588 522 2631 cum
552 2566 660 2651 ipsum
689 2565 858 2643 mundum,
886 2586 962 2630 cum
999 2566 1069 2651 ejus
1105 2565 1258 2643 membra,

3 2682 4 2717 l
100 2672 242 2752 caelum,
266 2679 376 2748 terras,
402 2671 513 2749 maria,
538 2692 677 2756 cumque
700 2671 817 2736 horum
840 2670 988 2757 insignia,
1012 2670 1121 2750 solem,
1146 2670 1258 2736 lunam

3 2772 5 2880 l
102 2775 292 2862 stellasque,
306 2775 472 2854 vidissent,
487 2797 625 2861 cumque
640 2783 823 2861 temporum
838 2775 1054 2853 maturitates,
1063 2776 1259 2841 mutationes

4 2882 9 2919 l
102 2878 409 2964 vicissitudinesque
430 2878 662 2963 cognovissent,
685 2878 840 2963 suspicati
862 2888 970 2944 essent
991 2876 1133 2962 aliquam
1155 2877 1258 2942 excel-

1 2925 16 3025 l
101 2982 229 3049 lentem
259 3004 328 3049 esse
357 2990 641 3068 praestantemque
669 2990 830 3060 naturam,
859 3003 942 3067 quae
978 2982 1059 3047 haec
1092 2982 1258 3058 effecisset,

50 3112 87 3173 25
101 3094 260 3166 moveret,
280 3092 416 3172 regeret,
436 3086 642 3171 gubernaret.
687 3084 753 3165 Qui
775 3085 904 3150 etiamsi
924 3086 1117 3151 aberrante
1134 3085 1258 3171 conjec-

2 3163 25 3231 i‘
102 3197 191 3267 tura,
203 3188 298 3253 video
313 3196 433 3265 tamen,
448 3186 527 3273 quid
543 3194 720 3271 sequantur
729 3210 738 3267 ;
758 3194 797 3252 tn
812 3187 898 3273 quod
913 3208 994 3271 opus
1015 3186 1148 3252 tandem
1170 3209 1259 3271 mag·

101 3314 187 3357 num
201 3298 236 3355 et
250 3289 416 3376 egregium
437 3288 545 3368 habes,
561 3288 648 3375 quod
670 3288 823 3353 effectum
845 3288 957 3353 divina
978 3296 1089 3353 mente
1104 3288 1260 3365 videatur,

2 3424 8 3494 l
103 3416 147 3461 ex
167 3414 231 3479 quo
252 3414 320 3458 esse
341 3391 418 3457 deos
440 3390 624 3477 suspiceret
667 3388 849 3467 Habebam,
865 3388 982 3474 inquis,
995 3390 1030 3453 in
1052 3389 1162 3453 animo
1183 3388 1260 3453 inei·

3 3514 5 3543 l
102 3508 176 3564 tam
201 3496 461 3562 informationem
485 3494 650 3581 quandam
681 3492 743 3557 dei.
789 3492 834 3557 Et
855 3490 983 3557 barbati
1004 3491 1136 3577 quidem
1157 3490 1258 3569 Jovis,

50 3628 91 3685 30
103 3603 252 3689 galeatae
282 3600 466 3680 Minervae3
505 3621 584 3663 num
615 3597 717 3683 igitur
745 3618 814 3663 esse
843 3596 924 3663 tales
953 3599 1071 3682 putesi
1128 3597 1259 3678 Quanto
1273 3610 1329 3669 101

4 3726 6 3763 l
104 3705 222 3771 melius
237 3704 316 3768 haee
330 3703 446 3788 vulgus
460 3702 692 3787 imperitorum,
708 3699 765 3787 qui
780 3722 847 3765 non
865 3700 1011 3765 membre
1031 3700 1135 3766 solum
1157 3701 1261 3767 homi·

4 3808 5 3835 ⁴
104 3807 158 3873 nis
186 3806 247 3872 deo
272 3805 427 3883 tribuant,
451 3804 506 3871 sed
533 3826 629 3869 usum
655 3804 754 3870 etiam
785 3804 1011 3871 membrorum.
1055 3804 1147 3871 Dant
1171 3804 1260 3871 enim

155 3932 170 3982 1
184 3932 236 3983 uiri
246 3932 276 3981 iu
285 3946 313 3981 eo
324 3932 370 3995 qui
381 3932 500 3982 didicerit
515 3944 572 3991 use,
587 3944 638 3981 om.
651 3930 682 3981 0.
746 3932 831 3981 animo
842 3930 941 3995 [ΔΒΕ],
952 3933 1038 3981 amma
1049 3930 1077 3983 0.
1177 3932 1209 3981 11
1225 3932 1260 3982 ud

105 4008 531 4077 speciemmaummoneine
544 4009 612 4074 ech,
626 4012 1260 4075 speeiemneecdmmhpeeiemneemumrme

106 4093 243 4156 generally,
256 4094 336 4157 speeie
350 4106 395 4143 nee
411 4108 460 4143 unu
471 4092 555 4143 Bouh.
568 4092 612 4143 Or.
622 4092 670 4143 Be.
682 4092 738 4142 Mu.
870 4094 901 4142 24
917 4094 1036 4156 effectam
1047 4092 1135 4144 Bitu
1144 4094 1192 4143 Ba
1203 4093 1259 4147 Mu.

108 4176 242 4239 (ecsecieeet
253 4174 317 4237 On),
330 4174 434 4239 fecisset
443 4173 487 4223 AO
499 4172 561 4225 Sola.
692 4174 723 4224 25
740 4188 758 4223 a
773 4172 915 4236 rotpertum
930 4187 978 4223 rree
993 4173 1044 4235 m,
1063 4176 1204 4237 conjectura
1214 4174 1259 4225 Or.

108 4252 226 4303 Soh.Be.
238 4253 293 4303 Mu.
418 4254 451 4303 98
468 4254 586 4303 habebam
596 4264 646 4303 nes
656 4253 793 4317 generally,
807 4252 1260 4313 hotemueG÷Heind,lmteool.'l“.

5 4334 6 4337 ’
106 4335 191 4397 inquis
213 4347 264 4384 ares
285 4333 414 4398 generally
435 4334 509 4396 (corr.
533 4333 600 4382 lrom
621 4334 708 4398 inquit
728 4334 768 4399 B),
792 4336 879 4397 inquit
900 4337 961 4388 Be.
1097 4334 1130 4383 tt
1147 4334 1260 4384 monam

107 4412 197 4478 [ABE]
207 4418 320 4475 molt,
333 4416 446 4465 tribuum
458 4414 535 4465 cm)
548 4412 608 4465 Βοὴ.

1088 4511 1173 4574 3-2
