3117 4975
273 333 317 398 lt
657 348 705 396 nr
726 346 869 397 aarum
892 346 1044 396 urosurr.

273 510 403 560 summa
417 492 504 559 enim
520 492 676 558 memoria
690 490 923 577 pronuntiabat
937 489 1092 577 plurimes
1107 490 1237 576 Epicuri
1253 490 1429 556 sententias

277 597 319 661 iis
339 595 418 681 ipsis
436 595 551 673 vorbis,
571 595 689 681 quibus
710 600 803 659 erant
826 594 982 679 scriptae3
1003 590 1178 658 Metrodori
1200 614 1283 669 vero,
1299 591 1357 678 qui
1378 602 1428 658 est

276 698 409 784 Epicuri
424 697 546 783 college
559 696 745 784 sapientiae,
760 696 866 761 multa
883 695 1122 781 impudentiora
1141 694 1315 775 recitabat;
1336 716 1428 759 accu-

273 806 325 864 sat
341 798 428 863 enim
449 798 671 877 Timocratem,
691 799 824 863 fratrem
846 819 951 875 suum,
967 796 1176 877 Metrodorus,
1192 796 1278 882 quod
1300 796 1429 862 dubitet

276 901 403 981 omnia,-
417 922 501 987 quae
517 901 558 965 ad
576 900 706 966 beatam
726 901 827 966 vitam
848 900 1041 985 pertineant,
1055 907 1169 965 ventre
1191 898 1308 978 metiri,
1322 920 1428 984 neque
1463 933 1480 991 5
1542 884 1547 917 ³

274 1004 309 1069 id
324 1004 425 1069 semel
439 1003 525 1081 dicit,
540 1003 596 1069 sed
613 1003 751 1090 saepius
795 1004 952 1067 Annuere
973 1009 1007 1066 te
1027 1000 1120 1065 video
1131 1026 1140 1082 ;
1163 1009 1241 1066 nota
1260 1002 1347 1066 enirn
1367 1001 1428 1066 tibi

274 1114 371 1188 sunt3
397 1108 571 1193 proferrem
593 1106 700 1186 libros,
724 1106 752 1171 si
778 1126 920 1192 negares
966 1104 1084 1191 Neque
1107 1127 1194 1171 nunc
1221 1104 1427 1192 reprehendo,
1543 1178 1547 1194 ff

274 1208 362 1295 quod
376 1208 419 1274 ad
433 1208 632 1294 voluptatem
648 1207 759 1273 omnia
777 1209 958 1273 referantur
976 1208 1052 1291 (alia
1067 1215 1116 1273 est
1130 1230 1170 1273 ea
1186 1208 1355 1294 quaestio),
1371 1208 1426 1273 sed

275 1312 372 1377 doceo
386 1312 463 1377 deos
477 1322 599 1377 vestros
613 1333 682 1377 esse
697 1310 876 1397 voluptatis
891 1321 1048 1397 expertes,
1064 1311 1113 1377 ita
1125 1321 1232 1377 vestro
1247 1310 1371 1397 judicio
1385 1334 1427 1376 ne

202 1426 260 1486 114
273 1414 387 1479 beatos
415 1413 555 1499 quidem
604 1414 691 1479 XLL
736 1416 784 1479 At
814 1414 922 1479 dolore
951 1422 1075 1480 vacant.
1120 1414 1215 1481 Satin
1244 1424 1293 1481 est
1320 1415 1354 1481 id
1383 1416 1426 1480 ad
1444 1450 1481 1489 10
1541 1460 1547 1477 .

271 1518 361 1582 illam
377 1517 599 1583 abundantem
613 1518 707 1583 bonis
722 1518 824 1583 vitam
839 1516 1086 1585 beatissimami
1116 1518 1254 1605 Cogitat,
1263 1518 1426 1603 inquiunt,
1546 1506 1547 1531 ³

272 1622 399 1687 assidue
414 1622 547 1687 beatum
562 1643 631 1686 esse
645 1642 700 1702 se;
721 1619 823 1686 habet
844 1620 932 1685 enirn
950 1620 1033 1684 nihil
1053 1619 1151 1697 eliud,
1166 1621 1253 1707 quod
1275 1621 1377 1707 agitet
1391 1620 1426 1685 in

272 1734 391 1791 mente
436 1724 682 1811 comprehende
710 1724 811 1810 igitur
840 1724 949 1791 animo
979 1734 1015 1789 et
1042 1745 1185 1810 propone
1213 1732 1291 1790 ante
1319 1726 1426 1790 oculos
1544 1722 1547 1763 l

273 1827 370 1892 deum
386 1827 467 1892 nihil
481 1827 571 1893 aliud
586 1826 621 1891 in
635 1826 724 1891 omni
739 1826 935 1892 aetemitete
951 1826 1014 1891 nisi
1036 1824 1150 1891 ‘Mihi
1171 1826 1329 1912 pulchre
1351 1827 1426 1893 est'

271 1938 307 1994 et
332 1930 427 2015 ‘Ego
455 1931 593 1995 beatus
614 1928 711 1994 sum'
740 1930 949 2014 cogitantem.
994 1928 1066 1994 Nec
1094 1935 1204 1993 tamen
1233 1927 1335 2008 video,
1362 1951 1426 2014 quo
1444 1964 1478 2019 15

274 2032 367 2097 modo
381 2055 447 2098 non
460 2041 610 2099 vereatur
624 2033 689 2098 iste
704 2031 784 2097 deus
806 2033 929 2109 beatae,
945 2053 986 2097 ne
1008 2030 1157 2111 intereat,
1171 2053 1245 2097 cum
1268 2030 1337 2097 sine
1359 2032 1427 2097 ulla
1544 2010 1547 2031 ¹

274 2136 511 2201 intermissione
524 2135 672 2221 pulsetur
686 2136 892 2222 agiteturque
907 2142 1088 2201 atomorum
1108 2134 1288 2200 incursione
1308 2134 1425 2221 sempi-

160 2275 166 2283 ·
272 2246 373 2316 terna,
406 2261 545 2326 cumque
571 2262 610 2304 ex
641 2239 710 2325 ipso
739 2240 898 2326 imagines
926 2262 1053 2327 semper
1080 2240 1225 2309 affluant.
1284 2241 1338 2307 Ita
1365 2262 1426 2307 nec
1543 2296 1547 2315 ,

273 2342 388 2408 beatus
402 2351 453 2409 eat
467 2353 573 2409 vester
586 2344 667 2410 deus
680 2367 740 2411 nec
753 2353 914 2411 aeternus.

203 2456 260 2515 115
337 2442 385 2509 At
413 2443 513 2510 etiam
541 2445 583 2512 de
611 2446 794 2525 sanctitate,
820 2445 861 2512 de
890 2446 1013 2533 pietate
1043 2445 1195 2513 adversus
1224 2446 1298 2514 deos
1327 2447 1425 2514 libros
1441 2480 1479 2519 20

273 2548 400 2634 scripsit
428 2549 596 2634 Epicurus.
649 2550 696 2616 At
724 2573 790 2636 quo
819 2551 913 2616 modo
942 2551 977 2616 in
1007 2551 1058 2616 his
1087 2551 1254 2637 loquitur?
1297 2553 1347 2618 Ut
1377 2553 1425 2620 Ti.
1545 2577 1547 2597 ¹

274 2654 514 2718 Coruncanium
535 2661 594 2720 ant
615 2655 651 2720 P.
673 2654 871 2735 Scaevolam,
886 2655 1054 2740 pontifices
1076 2655 1242 2734 maximos,
1257 2663 1291 2721 te
1312 2656 1425 2723 audire

274 2756 371 2834 dicas,
384 2779 450 2822 non
464 2779 549 2836 eum,
564 2757 622 2844 qui
643 2759 811 2825 sustulerit
832 2781 962 2824 ornnem
984 2757 1131 2824 funditus
1152 2759 1351 2845 religionem,
1366 2782 1426 2825 nec

273 2860 432 2938 manibus,
448 2869 486 2926 ut
501 2860 633 2938 Xerxes,
644 2861 700 2926 sed
714 2862 893 2928 rationibus
907 2862 1042 2928 deorum
1056 2863 1288 2928 immortalium
1303 2865 1427 2949 templa
1538 2857 1547 2874 ¹

274 2969 309 3027 et
322 2985 393 3026 aras
408 2963 568 3029 everterit.
613 2963 698 3043 Quid
720 2973 771 3028 est
790 2964 887 3042 enim,
901 2987 958 3030 cur
972 2964 1048 3030 deos
1063 2964 1105 3030 ab
1119 2964 1305 3030 hominibus
1320 2967 1426 3030 colen·
1442 2998 1456 3036 2
1461 2993 1477 3054 5

274 3066 331 3131 dos
352 3067 542 3146 dicessum
564 3066 597 3131 di
619 3089 684 3131 non
705 3068 801 3133 modo
823 3067 970 3134 homines
991 3091 1056 3134 non
1078 3069 1193 3144 colant,
1217 3069 1273 3134 sed
1295 3070 1427 3134 omnino

205 3171 261 3231 111
275 3164 358 3229 nihil
372 3176 494 3244 curent,
508 3167 591 3232 nihil
605 3171 727 3253 agenti
770 3169 818 3233 At
833 3177 882 3234 est
897 3191 1008 3234 eorum
1023 3169 1141 3236 eximia
1156 3170 1316 3255 quaedam
1337 3193 1427 3256 prae·
1443 3183 1452 3198 ·

274 3280 426 3356 stansque
441 3281 567 3350 nat-ura,
582 3280 621 3338 ut
636 3295 676 3338 ea
689 3273 809 3338 debeat
822 3272 893 3357 ipsa
907 3295 964 3358 per
978 3295 1012 3338 se
1023 3272 1065 3338 ed
1076 3294 1110 3338 se
1122 3273 1288 3338 colendam
1300 3273 1427 3340 allicere

275 3375 462 3459 sapientem.
506 3378 560 3440 An
582 3376 756 3461 quicquam
778 3375 935 3441 eximium
957 3384 1155 3460 potestesse
1180 3375 1215 3439 in
1239 3398 1278 3442 ea
1303 3385 1427 3454 natura,
1540 3419 1547 3446 r

275 3498 358 3563 quae
373 3500 432 3543 sua
446 3478 613 3566 voluptate
627 3479 752 3544 lactens
767 3478 851 3543 nihil
871 3500 929 3544 nec
948 3486 1060 3544 actura
1081 3478 1124 3544 sit
1146 3500 1301 3565 umquam
1323 3499 1427 3565 neque
1440 3511 1479 3568 30

1537 3145 1547 3184 1

323 3707 384 3756 tiis
396 3706 448 3763 Ba,
460 3707 500 3755 tta
515 3718 566 3755 uas
580 3705 718 3767 generally.
818 3705 849 3754 10
865 3711 894 3754 ct
906 3703 1042 3762 Nom.
1053 3718 1072 3754 c
1081 3703 1230 3755 A'Bllono.
1329 3703 1361 3753 14
1367 3705 1425 3768 pul·

275 3786 332 3834 chre
347 3785 406 3834 Asc.
420 3784 539 3842 (mm,
550 3786 656 3846 pulchro
673 3784 773 3834 ml.
858 3785 890 3834 15
906 3785 1056 3844 corianam
1065 3781 1127 3833 here
1137 3787 1159 3833 Ι
1169 3782 1242 3832 ends.
1330 3782 1361 3833 16
1377 3798 1427 3834 aaa

274 3871 390 3916 versam
409 3865 528 3915 ABmo
550 3863 610 3915 soh.
630 3864 694 3927 Mu,
714 3879 765 3915 noa
785 3873 913 3916 moveatur
934 3864 1006 3923 (11111.
1026 3867 1144 3917 videatur
1161 3867 1273 3919 novU
1291 3868 1358 3931 Asa,
1378 3882 1427 3918 ooo

271 3953 359 4008 pereat
375 3944 420 3995 Or.
433 3943 490 4006 Ba,
504 3958 555 3994 aon
565 3951 708 3995 aarum
722 3944 809 3996 Madv.
873 3960 904 3995 ne
914 3947 1021 3996 imaeue
1032 3945 1055 3996 B
1066 3945 1127 3997 doh.
1138 3947 1202 4007 Mu..
1214 3961 1266 3998 om.
1277 3947 1344 3996 AGE
1358 3948 1426 3998 Mus.
1542 3979 1547 4002 r

276 4027 320 4077 Or.
334 4024 391 4082 Ba„
406 4023 503 4074 Haind.
519 4028 635 4087 mggests
650 4027 769 4088 quomodo
786 4027 903 4076 videatur
919 4028 970 4077 rior·
988 4029 1036 4077 istc
1056 4029 1115 4078 deur
1134 4030 1227 4093 heatus,
1247 4039 1292 4081 out
1310 4035 1427 4096 quomodo

274 4121 325 4155 non
338 4111 461 4167 mter,
479 4118 510 4154 ac
525 4106 640 4165 intereat,
654 4106 729 4155 Allan
743 4121 793 4170 qao
808 4109 878 4156 modo
891 4108 941 4156 ribi
958 4109 1075 4158 videatur
1088 4110 1108 4158 i.
1124 4109 1149 4158 d.
1161 4112 1185 4160 b,
1195 4125 1247 4173 mc,
1264 4127 1295 4161 ne
1311 4115 1425 4172 intereat,

276 4192 398 4237 namtas.
482 4185 514 4234 11
532 4187 573 4237 Ti.
585 4185 642 4236 edd.
654 4187 720 4238 alter
730 4187 835 4248 Heind,
850 4201 902 4236 orn.
915 4199 973 4237 uss.
1055 4189 1087 4238 28
1103 4191 1205 4240 allicere
1216 4191 1322 4256 Gne„
1336 4195 1426 4246 aliem

277 4265 310 4330 U,
322 4266 410 4315 etiem
421 4263 483 4315 XOB
491 4275 523 4321 ψ.
622 4267 654 4315 110
670 4268 797 4330 voluptate
809 4267 967 4326 uotum,
979 4269 1107 4317 voluntate
1118 4268 1262 4325 XTBflt‘Js.
