3117 4975
288 391 331 454 38
671 402 718 450 nn
739 399 882 449 ulrum
903 400 1057 450 unorum

287 549 322 612 in
344 570 397 614 me
418 547 557 612 incidere
575 546 741 632 imagines
766 545 911 624 Homeri,
934 545 1125 622 Archilochi,
1147 547 1287 625 Romuli,
1305 547 1443 625 Numae,

287 654 499 739 Pythagorae,
528 651 682 728 Platonis,
713 673 773 716 nec
803 673 843 716 ca
868 651 981 729 forme,
1008 673 1074 736 qua
1101 650 1149 715 illi
1175 651 1325 716 fuerunt!
1368 651 1443 731 Quo

286 754 382 832 modo
399 754 448 819 illi
468 756 564 840 ergo?
586 761 620 819 et
638 775 775 838 quorum
795 753 975 838 imagines?
1019 753 1184 838 Orpheum
1203 760 1332 840 poe'tum
1349 755 1444 819 docet

286 859 477 926 Aristoteles
498 881 678 944 numquam
700 857 807 934 fuisse,
829 865 864 922 et
885 857 946 922 hoc
972 857 1150 942 Orphicum
1172 879 1301 922 carmen
1322 857 1442 942 Pytha-
1549 935 1557 944 1

286 965 374 1052 gorei
402 966 511 1031 ierunt
536 964 701 1048 cujusdam
732 963 831 1028 fuisse
861 961 1019 1047 Cercopie.
1069 963 1118 1027 At
1146 961 1304 1046 Orpheus,
1328 962 1363 1026 id
1391 970 1442 1026 est
1478 983 1494 1044 5
1556 964 1557 975 ¹

287 1070 393 1154 imago
422 1067 500 1153 ejus,
524 1075 563 1132 ut
591 1089 648 1131 vos
676 1066 784 1144 vultis,
806 1066 842 1130 in
870 1065 1016 1130 animum
1039 1087 1149 1130 meum
1178 1087 1273 1150 saepe
1298 1065 1440 1132 incurrit

217 1188 274 1248 108
288 1173 383 1254 Quid,
404 1173 491 1259 quod
514 1171 658 1257 ejusdem
684 1171 825 1236 hominis
848 1171 882 1235 in
908 1191 1018 1235 meum
1042 1169 1238 1265 aliaeeliae
1262 1168 1296 1234 iu
1321 1174 1440 1235 tuuml
1553 1236 1558 1249 ,

286 1276 374 1362 quid,
390 1274 476 1362 quod
492 1296 601 1339 earum
618 1295 734 1351 rerum,
750 1295 835 1359 quae
848 1293 1026 1357 numquam
1045 1271 1174 1336 omnino
1189 1270 1321 1336 fuerunt
1335 1293 1440 1356 neque

286 1397 355 1440 esse
369 1383 552 1460 potuerunt,
567 1382 606 1439 ut
621 1373 755 1460 Scyllae,
770 1382 810 1438 ut
826 1372 1036 1438 Ohimaerael
1058 1373 1145 1459 quid,
1161 1372 1247 1458 quod
1262 1373 1440 1451 hominum,

286 1479 436 1558 locorum,
455 1479 586 1544 urbium
606 1501 726 1557 earum,
749 1501 829 1564 quas
852 1463 1032 1562 numduam
1051 1476 1213 1543 vidimusl
1234 1478 1324 1564 quid,
1345 1479 1439 1564 quod,
1457 1504 1494 1542 10
1549 1512 1558 1535 ι

285 1581 442 1647 simulac
467 1580 550 1645 mihi
572 1581 752 1646 collibitum
776 1588 835 1657 est,
860 1586 987 1666 praesto
1011 1586 1061 1644 est
1086 1579 1215 1666 imagol
1241 1578 1330 1664 quid,
1352 1579 1440 1665 quod

285 1685 384 1750 ctiam
410 1685 452 1750 ad
478 1685 692 1749 dormientem
721 1684 860 1749 veniunt
888 1683 1081 1748 invocatae?
1123 1682 1206 1749 Tota
1233 1705 1293 1763 res,
1323 1683 1439 1762 Vellei,

285 1790 455 1875 nugatoria
469 1797 528 1854 est.
573 1790 638 1855 Vos
653 1797 764 1854 eutem
784 1810 850 1853 non
863 1789 960 1852 modo
974 1788 1074 1853 oculis
1088 1789 1253 1875 imagines,
1267 1790 1324 1855 sed
1339 1791 1440 1856 etiam
1555 1786 1557 1804 ¹

216 1915 273 1972 109
286 1895 402 1959 animis
416 1893 589 1960 inculcatis.
626 1893 732 1959 Tanta
747 1901 798 1958 est
811 1893 989 1979 impunitas
1003 1894 1171 1980 garriendi
1208 1895 1366 1962 XXXIX.
1392 1897 1442 1962 At

285 2021 383 2084 quam
403 1998 554 2063 licenter!
598 1997 806 2064 ‘Fluentium
829 1997 1014 2083 frequenter
1038 1999 1185 2065 transitio
1209 1998 1248 2064 fit
1268 2000 1439 2080 visionum,
1457 2023 1493 2082 15

287 2107 326 2165 ut
345 2123 364 2166 e
382 2100 494 2164 multis
510 2123 578 2165 una
596 2099 765 2167 videatur’.
812 2099 955 2165 Puderet
972 2121 1026 2165 me
1045 2100 1150 2166 dicere
1164 2123 1228 2166 uon
1243 2102 1439 2189 intellegere,
1551 2077 1558 2099 ³

285 2207 311 2270 si
333 2229 390 2272 vos
410 2206 470 2290 ipsi
491 2203 731 2291 intellegeretis,
752 2204 810 2290 qui
831 2203 896 2268 ista
914 2203 1095 2270 defenditis.
1139 2204 1212 2285 Quo
1233 2206 1328 2271 modo
1348 2208 1439 2273 euim

287 2311 399 2397 probas
407 2311 609 2376 continenter
622 2309 779 2395 imagines
794 2309 892 2374 ferril
913 2317 980 2387 aut,
997 2309 1024 2373 si
1039 2309 1249 2387 continenter,
1264 2311 1439 2395 quomodo
1549 2354 1558 2370 ,

285 2421 457 2482 aeternae?
505 2415 830 2494 ‘Innumerabilitas’,
858 2413 976 2499 inquit,
1002 2412 1207 2498 ‘suppeditat
1235 2414 1438 2480 atomorum’.

286 2519 376 2582 Num
392 2518 504 2583 eadem
520 2540 594 2601 ergo
614 2517 676 2580 ista
697 2516 801 2593 saciet,
821 2522 860 2580 ut
877 2515 943 2580 sint
963 2515 1072 2579 omnia
1090 2515 1308 2601 sempiterna?
1352 2518 1438 2583 Con-
1453 2542 1493 2580 20

284 2623 369 2708 sugis
386 2622 427 2686 ad
449 2620 720 2707 aequilibritatem
743 2620 803 2705 (sic
820 2618 909 2689 enim
929 2616 1106 2703 ἰσονομίαν,
1120 2620 1149 2683 si
1168 2618 1285 2704 placet·
1296 2621 1437 2706 appelle-

285 2724 370 2808 mus)
386 2732 420 2789 et
434 2724 489 2800 ais,
501 2723 654 2808 quoniam
669 2723 712 2787 sit
727 2732 844 2787 nature
858 2721 1009 2799 mortalis,
1023 2722 1236 2787 immortalem
1252 2723 1352 2787 etiam
1366 2747 1437 2791 esse

284 2836 437 2911 oportere.
469 2826 536 2891 Isto
553 2826 654 2903 modo,
666 2826 820 2911 quoniam
835 2824 981 2889 homiues
993 2824 1144 2888 mortales
1158 2833 1242 2903 sunt
1254 2826 1320 2890 sint
1334 2826 1438 2913 aliqui

284 2930 488 3005 immortales,
506 2938 539 2994 et
558 2930 711 3015 quoniam
733 2937 911 2994 nascuntur
932 2928 967 2992 in
988 2936 1082 3006 terra,
1097 2937 1270 2993 nascantur
1290 2929 1326 2993 in
1343 2953 1436 3015 aqua
1544 2916 1552 2928 ’

285 3031 347 3096 ‘Et
368 3030 445 3117 quia
469 3040 546 3096 eunt
568 3052 651 3116 quae
675 3030 874 3107 interimant,
896 3036 973 3094 sunt
998 3051 1081 3116 quae
1106 3034 1316 3099 conservent'.
1360 3035 1437 3101 Sint
1450 3062 1466 3099 2
1471 3059 1488 3119 5

283 3154 368 3212 sanc,
383 3132 438 3198 sed
454 3154 494 3197 ea
512 3141 708 3211 conservent,
724 3154 808 3219 quae
830 3139 926 3213 sunt;
949 3130 1025 3195 deos
1046 3131 1125 3196 istos
1146 3154 1215 3198 esse
1236 3156 1302 3199 non
1322 3136 1435 3203 sentio.

1535 3204 1556 3234 Ὗ

1553 3265 1555 3280 ι

330 3418 346 3467 9
357 3431 401 3467 nec
412 3431 443 3467 eo
450 3416 536 3480 forma
546 3412 601 3466 edd
614 3413 680 3465 atter
690 3412 791 3473 hamb..
801 3426 847 3462 aec
857 3426 888 3462 ea
894 3412 980 3476 forma
990 3426 1048 3473 uss,
1061 3414 1151 3463 nedum
1161 3428 1192 3464 eo
1197 3415 1284 3479 forma
1294 3415 1360 3480 conj.
1368 3414 1394 3467 J.
1404 3417 1431 3471 Β.

282 3498 354 3550 Reid.
462 3514 511 3563 quo
527 3498 597 3547 modo
614 3498 657 3546 illi
675 3510 731 3557 erpo
743 3496 837 3556 Xan,
854 3510 904 3558 quo
919 3496 990 3545 modo
1005 3510 1063 3556 erpo
1078 3496 1121 3544 illi
1137 3495 1208 3559 uer,
1221 3512 1287 3560 quoe
1303 3514 1360 3561 erpo
1372 3502 1435 3550 illue
1544 3490 1553 3502 “

282 3583 305 3632 G
317 3580 420 3643 Heind,
434 3596 483 3645 quo
494 3582 562 3630 niodo
574 3582 634 3629 illue
646 3594 702 3639 erpo
713 3578 738 3626 J.
747 3578 773 3628 S.
784 3576 859 3627 Reid.
914 3576 930 3626 ⁵
942 3578 1058 3641 Oercopr'r
1069 3577 1207 3642 VictorIus,
1218 3580 1334 3631 Ontonia
1345 3582 1436 3632 ΔΕΟΚ

283 3666 353 3727 (corr.
366 3664 432 3713 lrom
445 3662 582 3725 Cratonis),
596 3662 714 3711 cudente
725 3660 801 3722 Boo,
815 3659 850 3710 ul.
857 3661 970 3721 οπίοιιίι,
984 3662 1090 3709 catonis
1100 3662 1146 3711 do.
1203 3663 1219 3711 8
1224 3663 1332 3726 summ
1343 3662 1435 3717 Uwo

281 3748 381 3806 ΔΜ,
397 3746 502 3808 ficerunt
521 3742 624 3795 mot
726 3744 892 3806 omnemne
908 3740 1024 3793 A¹Ul¹00
1043 3743 1112 3805 Asa,
1129 3750 1266 3807 potueram
1283 3747 1434 3799 lucent.

281 3826 312 3875 14
328 3825 398 3884 ath,
410 3824 653 3889 adussgeuerelly.
786 3824 819 3873 15
835 3826 939 3873 licem
946 3826 1082 3887 fluentium
1094 3828 1293 3890 uesgenerelly,
1305 3831 1435 3879 &cenum

275 3906 494 3971 fatendorum
510 3904 605 3956 Heind.
726 3904 758 3956 1e
775 3906 1047 3969 inquitBGEUm,
1060 3908 1153 3969 inquid
1162 3908 1231 3970 Aeo,
1244 3909 1433 3972 inquunedd

281 3988 324 4051 (ol.
345 3991 360 4051 fl
381 3990 432 4049 87).
594 3987 627 4037 20
645 3987 728 4051 faciet
748 3987 771 4037 G
789 3987 853 4037 Rau
870 3987 983 4047 Walter,
996 3990 1096 4051 socient
1113 3989 1261 4052 Acme
1277 3994 1382 4055 sudant
1400 3992 1431 4045 B.
1545 4048 1551 4060 ι

280 4071 311 4117 ‘21
334 4068 549 4131 aequilibritatem
570 4066 635 4129 edd,
660 4070 876 4131 aequilibertatem
893 4068 946 4129 ΒΚ,
965 4069 1164 4131 equilibcrtatem
1178 4069 1273 4133 AGEB,
1293 4074 1434 4135 aequabili·

281 4164 356 4207 taum
368 4156 414 4207 ur
423 4156 491 4217 nso..
505 4158 655 4219 equarum„
666 4158 806 4207 troarnum
817 4157 874 4209 οιι.
890 4161 994 4221 prun,
1007 4138 1214 4222 adremmon.
1224 4176 1248 4211 0.
1310 4164 1433 4223 ισωιμιυ

280 4236 347 4297 edd,
364 4238 502 4287 iaouomian
518 4237 569 4294 Ae,
586 4239 738 4287 ieeouonu'an
754 4238 784 4299 B,
802 4241 930 4302 yconomr'o
946 4240 980 4289 Ε.
1058 4286 1064 4295 ,
1102 4242 1135 4290 25
1150 4242 1297 4291 interimat
1311 4250 1371 4292 mut
1387 4243 1433 4295 OG

280 4316 389 4381 (maced)
400 4321 474 4369 'rm
484 4316 546 4366 Red.
558 4316 615 4368 Aeo.
626 4316 744 4369 ÷Hcind
761 4318 832 4376 Solu,
844 4320 988 4369 tuterr'mnut
999 4320 1052 4369 rint
1063 4320 1216 4372 ABEUnox
1228 4321 1272 4371 Or.
1282 4322 1329 4371 Bu
1342 4321 1396 4373 uu
1537 4325 1554 4392 ἦ
