3117 4975
330 433 394 483 nis.
419 433 431 480 1
455 432 527 482 car.
552 415 1037 500 xxx11—xxx1v§§89—95.
1224 358 1286 482 311

15 633 18 664 ,
119 597 264 662 quaeque
286 576 513 664 procreationis
536 599 632 642 causa
654 585 771 643 natura
792 577 916 664 corpori
935 577 1071 658 affinxit,
1089 600 1129 643 ea
1149 577 1268 644 frustra

15 686 19 772 1
121 681 251 748 habebit
266 683 353 762 deus,
368 704 428 747 nec
443 689 577 747 externa
591 680 694 767 magis
715 703 814 767 quam
836 681 997 759 interiora,
1013 704 1074 760 cor,
1088 682 1267 768 pulmones,

15 779 16 800 ¹
113 784 211 869 jecur,
234 795 352 866 cetera,
375 808 459 873 quae
481 785 627 852 detracta
647 786 793 852 utilitate
814 787 894 872 quid
922 787 1045 853 habent
1066 788 1268 854 venustatisl

15 899 26 962 t
120 890 381 976 quandoquidem
398 891 477 956 haec
492 912 560 956 esse
576 891 610 956 in
626 890 685 956 deo
699 899 832 977 propter
846 892 1121 978 pulchritudinem
1133 893 1242 958 vultis

14 977 16 1006 '
81 1011 96 1071 5
174 991 295 1059 Istisne
316 993 453 1058 fidentes
473 993 606 1058 somniis
623 1015 687 1058 non
710 993 806 1058 modo
828 993 986 1080 Epicurus
1008 1003 1042 1061 et
1064 995 1266 1061 Metrodorus
1278 1003 1317 1063 113

113 1103 147 1164 ct
162 1094 385 1163 Hermarchus
407 1106 519 1163 contra
540 1097 766 1184 Pythagoram,
783 1097 953 1164 Platonem
975 1099 1267 1185 Empedoclemque

14 1245 21 1256 ,.
112 1200 274 1282 dixerunt,
289 1203 345 1270 sed
360 1203 565 1268 meretricula
580 1204 680 1268 etiam
695 1201 868 1267 Leontium
882 1210 995 1268 contra
1008 1203 1265 1290 Theophrastum

111 1305 250 1373 scribere
278 1329 357 1372 ausa
386 1308 458 1372 estl
487 1305 567 1370 scito
593 1304 650 1369 illa
672 1303 805 1390 quidem
830 1327 978 1370 sermone
1001 1313 1036 1371 et
1060 1306 1181 1387 Attico,
1209 1307 1265 1373 sed

111 1415 232 1476 tamen.
277 1409 422 1474 Tantum
445 1407 577 1496 Epicuri
600 1407 713 1472 hortus
736 1406 854 1473 habuit
882 1407 1040 1475 licentiae.
1083 1409 1129 1475 Et
1156 1410 1266 1476 soletis

13 1485 24 1534 1
64 1535 97 1572 10
111 1513 224 1595 quern
243 1513 331 1577 zeno
353 1510 486 1597 quidem
509 1511 608 1576 esan
630 1508 789 1596 litigabat.
832 1509 920 1590 osu
942 1510 1048 1575 uram
1068 1511 1265 1578 Albuciumr

112 1610 201 1678 Nom
218 1613 367 1678 Phaedro
382 1612 465 1677 nibil
486 1610 676 1697 elegantius,
690 1610 773 1675 nihil
795 1610 988 1693 humanius;
1009 1611 1065 1678 sed
1086 1613 1266 1680 stomacha-

12 1785 14 1798 ,
111 1711 210 1780 batur
224 1737 332 1794 senex,
345 1713 372 1779 si
387 1713 465 1800 quid
481 1711 624 1798 asperius
639 1710 793 1788 dixeram,
804 1733 877 1776 cum
890 1712 1048 1797 Epicurus
1058 1714 1266 1781 Aristotelem

111 1817 240 1882 vexarit
260 1815 590 1893 contumeliosissime,
604 1814 770 1880 Phaedoni
790 1814 953 1881 Socratico
974 1816 1160 1902 turpissime
1180 1819 1265 1884 maie

110 1917 241 1999 dixerit,
256 1921 441 2000 Metrodori,
457 1920 574 1986 sodalis
591 1919 649 1998 sui,
664 1920 808 1998 fratrem,
822 1919 1047 1999 Timocratem,
1062 1923 1141 2007 quia
1158 1923 1266 1988 nescio

15 2063 20 2078 ι
64 2051 94 2110 15
111 2023 192 2106 quid
212 2024 248 2089 in
270 2023 474 2110 philosophia
495 2023 686 2101 dissentiret,
702 2022 779 2087 totis
794 2022 1014 2088 voluminibus
1035 2023 1217 2104 conciderit,
1230 2025 1266 2090 in

109 2123 334 2192 Democritum
356 2125 472 2212 ipsum,
494 2148 591 2212 quem
613 2134 742 2191 secutus
764 2125 943 2202 est,fue1it
971 2126 1125 2213 ingratus,
1145 2127 1265 2193 Nausi-

108 2228 775 2316 phanem,magistrnmsuum,aqnonihil
787 2230 1265 2320 didicerattammaleaccepe-

11 2331 13 2418 j
108 2334 162 2402 rit.
209 2335 364 2402 XXXIV.
390 2335 477 2400 Zeno
492 2335 624 2421 quidem
636 2357 702 2399 non
713 2355 767 2400 eos
779 2334 893 2415 solnm,
903 2335 960 2421 qui
972 2343 1043 2400 tum
1055 2345 1155 2416 erant,
1166 2337 1266 2424 Apol·

11 2429 12 2440 ¹
108 2440 268 2525 ludorum,
285 2440 401 2520 Silum,
413 2449 542 2519 ceteros,
559 2439 679 2526 figebat
694 2439 882 2520 maledictis,
895 2441 951 2507 sed
967 2440 1132 2509 Socratem
1149 2442 1266 2529 ipsum,

11 2596 19 2657 q
60 2579 95 2618 20
109 2555 280 2631 pmentem
303 2544 535 2631 philosophiae,
560 2543 679 2609 Latino
703 2544 800 2609 verbo
830 2551 927 2609 utens
949 2566 1091 2609 scurram
1118 2545 1267 2611 Atticum

108 2650 210 2717 fuisse
228 2648 365 2726 dicebat,
382 2647 600 2734 Chrysippum
615 2668 794 2732 numquam
811 2647 875 2712 nisi
890 2646 1106 2735 Chrysippam
1123 2650 1266 2715 vocabat

108 2753 159 2821 Tu
175 2754 245 2841 ipse
259 2752 356 2841 paulo
370 2760 456 2833 ante,
470 2773 544 2816 cum
559 2759 727 2837 tamquam
742 2759 892 2817 senatum
909 2753 1172 2842 philosophorum
1187 2756 1262 2821 reci·
1279 2764 1318 2825 94

17 2914 19 2919 .
108 2866 207 2937 teres,
228 2878 371 2923 summos
392 2856 477 2921 viros
498 2854 653 2941 desipere,
675 2854 821 2935 delirare,
844 2856 1012 2924 dementes
1036 2880 1106 2926 esse
1129 2860 1266 2926 dicebas.

11 2972 12 2985 ¹
110 2964 260 3047 Quorum
275 2963 303 3029 si
318 2984 413 3027 nemo
428 2982 541 3027 verum
556 2960 639 3025 vidit
653 2960 693 3025 de
714 2970 832 3025 natura
852 2961 996 3042 deorum,
1011 2963 1187 3029 verendum
1208 2972 1267 3041 est,

60 3102 75 3141 2
78 3102 94 3163 5
109 3090 154 3136 ne
169 3068 261 3133 nulla
275 3066 318 3132 sit
332 3065 472 3133 omnino.

178 3172 266 3239 Nam
281 3172 354 3251 iste,
370 3192 454 3256 qnae
468 3190 525 3235 vos
539 3168 654 3248 dicitis,
670 3176 747 3234 sunt
763 3176 835 3234 tote
853 3169 1086 3247 commenticia,
1100 3169 1155 3234 vix
1169 3169 1269 3255 digna

109 3276 336 3347 lucubratione
350 3275 575 3355 anicularum
596 3294 660 3338 non
678 3272 766 3337 enim
785 3271 923 3350 sentitis,
939 3293 1037 3356 quam
1058 3272 1163 3337 multa
1178 3272 1268 3335 vobis

111 3380 319 3468 suscipienda
339 3378 413 3457 sint,
427 3379 455 3444 si
475 3376 695 3463 impetraritis,
713 3384 751 3441 ut
772 3376 984 3441 concedamus
1005 3374 1142 3441 eandem
1164 3376 1267 3441 homi·

111 3508 195 3553 num
209 3506 278 3550 esse
293 3491 327 3551 et
341 3482 476 3549 deorum
491 3481 635 3568 figuram
681 3480 797 3545 Omnis
811 3478 920 3545 cultus
935 3487 970 3544 et
984 3478 1107 3545 curatio
1128 3481 1268 3566 corporis

60 3618 98 3675 30
112 3592 176 3659 erit
199 3590 312 3657 eadem
334 3586 518 3654 adhibenda
539 3586 609 3666 deo,
632 3606 715 3670 quae
740 3582 916 3649 adhibetur
943 3582 1076 3662 homini,
1098 3584 1267 3670 ingressus,

112 3716 236 3775 cursus,
251 3692 419 3771 accubitio,
433 3689 611 3770 inclinatio,
625 3688 733 3768 sessio,
755 3686 1006 3774 comprehensio,
1020 3688 1063 3753 ad
1084 3702 1266 3755 extremum

115 3799 216 3865 etiam
231 3818 335 3864 sermo
350 3806 385 3862 et
398 3794 509 3862 oratio.
533 3793 621 3860 Nam
636 3791 722 3879 quod
738 3800 772 3857 et
787 3813 891 3856 mares
906 3790 982 3857 deos
997 3800 1031 3857 et
1046 3793 1183 3857 feminas
1199 3814 1267 3859 esse
1280 3805 1318 3864 95

117 3899 233 3980 dicitis,
248 3897 328 3985 quid
347 3904 509 3984 sequatur,
524 3894 648 3959 videtis.
694 3890 857 3977 Equidem
878 3891 988 3956 mirari
1010 3892 1089 3957 satis
1109 3914 1173 3957 non
1196 3914 1268 3979 pos·

164 4113 520 4175 connumeramur.
619 4110 651 4165 17
666 4112 734 4162 nihil
750 4122 801 4160 rrss
814 4109 952 4173 generally,
963 4123 1014 4159 non
1023 4111 1093 4160 111111
1103 4108 1198 4161 1111111
1210 4108 1268 4160 edd.

115 4196 182 4249 after
193 4196 293 4249 Pcarcs.
390 4197 421 4247 19
433 4196 516 4245 Silam
527 4192 596 4255 ΟΠ,
611 4194 704 4242 Silium
714 4191 852 4249 Um÷,
864 4193 944 4241 11111111
953 4190 985 4247 A.
997 4191 1096 4255 Syllum
1105 4191 1163 4241 Asc.
1172 4190 1268 4247 eflch..

116 4286 168 4333 rive
179 4282 233 4333 BE.
348 4282 378 4331 21
397 4282 547 4345 crysippum
556 4278 639 4338 ΑΗΘ,
652 4278 813 4341 0111111111
829 4272 921 4335 BH',
940 4275 1074 4337 crisippcra
1090 4272 1180 4331 OEoo,
1197 4274 1268 4335 chry·

118 4368 215 4430 rr'ppum
231 4364 329 4426 BH¹1¹,
346 4366 471 4428 cear'ppura
486 4363 586 4422 usa,
599 4363 748 4425 Ghrstppum
759 4360 824 4409 Dav.
838 4356 942 4413 Heind„

203 4482 238 4531 n.
261 4482 290 4533 c.
899 4512 905 4524 ,
1160 4457 1181 4519 3
