3117 4975
400 383 464 432 mn.
487 383 501 430 1
523 381 595 430 cnr.
619 381 823 429 xsu-xmv
845 365 884 449 ἓξ
908 367 1088 430 119-124.
1279 368 1321 430 43

162 531 233 595 cilli
259 537 374 607 essent,
397 529 522 592 futuros
547 524 706 591 beneficos
731 532 766 590 et
790 524 946 609 benignos
975 524 1096 591 fuissel
1141 527 1244 592 Nulla
1271 537 1321 592 est

164 632 284 698 caritas
314 629 469 696 naturalis
498 629 583 693 inter
611 628 732 694 bonosi
791 627 927 692 Carum
956 627 1063 712 ipsum
1099 628 1235 694 verbum
1271 637 1322 695 est

164 735 295 813 amoris,
308 755 349 799 ex
364 756 427 819 quo
440 731 601 798 amicitiae
619 751 737 794 nomen
757 736 807 794 est
828 729 982 810 ductum,
1002 752 1101 816 quam
1123 731 1152 796 si
1173 733 1215 798 ad
1237 732 1321 797 fruc·
1393 785 1397 792 .

165 847 241 902 tum
254 845 401 902 nostrum
416 835 597 909 referemus,
609 854 675 897 nou
689 831 730 897 ad
746 832 833 896 illius
844 831 1019 910 commoda,
1031 855 1129 918 quem
1140 833 1320 920 diligemus,

127 956 147 1014 5
166 961 234 1004 non
248 939 311 1004 erit
324 939 386 1003 ista
396 936 546 1013 amicitia,
556 933 611 999 sed
623 941 803 998 mercatura
815 932 974 1018 quaedam
986 933 1168 999 utilitatum
1179 957 1320 1003 suarum.

165 1042 267 1108 Prata
291 1049 326 1107 et
347 1063 424 1106 arva
446 1047 481 1105 et
503 1037 664 1124 pecudum
685 1059 798 1122 greges
820 1036 1001 1122 diliguntur
1021 1037 1084 1103 isto
1105 1038 1210 1120 modo,
1233 1043 1320 1127 quod

165 1146 290 1212 fructus
307 1169 347 1211 ex
369 1145 408 1210 iis
430 1144 621 1230 capiuntur3
643 1142 814 1206 hominum
828 1142 944 1206 caritas
959 1149 994 1207 et
1012 1142 1157 1207 amicitia
1176 1148 1320 1230 gratuita

165 1257 224 1314 est
269 1248 400 1328 Quanto
422 1247 522 1332 igitur
536 1245 638 1330 magis
653 1243 796 1323 deorum,
811 1245 869 1330 qui
885 1243 975 1308 nulla
988 1266 1023 1310 re
1038 1255 1170 1332 egentes
1185 1254 1220 1312 et
1233 1248 1319 1314 inter

165 1375 201 1418 se
226 1352 366 1438 diligunt
392 1359 426 1416 et
450 1349 635 1414 hominibus
660 1349 851 1414 consulunt!
895 1349 990 1429 Quod
1018 1349 1054 1414 ni
1083 1350 1132 1415 ita
1159 1351 1211 1431 sit,
1239 1353 1319 1440 quid

108 1475 150 1514 ιο
166 1476 366 1533 veneramur,
376 1453 456 1539 quid
472 1474 639 1538 precamur
653 1452 751 1516 deosl
773 1473 830 1515 cur
844 1453 940 1516 sacris
955 1454 1131 1540 pontifices,
1143 1476 1200 1521 cur
1210 1459 1319 1543 auspi·

165 1557 224 1622 ciis
238 1579 375 1644 augures
388 1556 563 1642 praeeunti
585 1553 664 1640 quid
679 1564 829 1639 optamus
848 1553 938 1618 adis
959 1553 1218 1623 immortalibus?
1239 1559 1320 1645 quid

165 1661 340 1724 vovemusl

231 1761 280 1827 At
309 1760 408 1827 etiam
437 1760 519 1827 liber
546 1769 597 1826 est
626 1759 758 1845 Epicuri
786 1759 828 1825 de
857 1759 1036 1826 sanctitate.
1090 1761 1249 1828 Ludimur
1275 1763 1318 1830 ab
1331 1774 1390 1833 12³

166 1863 296 1931 homine
319 1885 383 1930 non
409 1871 478 1928 tam
507 1864 610 1928 faceto
635 1885 733 1948 quam
758 1861 800 1926 ad
826 1862 985 1926 scribendi
1014 1862 1179 1929 licentiam
1207 1865 1317 1933 libero.

110 1986 150 2046 15
166 1967 258 2048 Quae
269 1966 356 2032 enim
370 1973 477 2050 potest
492 1987 560 2030 csse
575 1965 736 2042 sanctitas,
748 1964 775 2029 si
790 1964 824 2029 di
840 1964 982 2029 bumana
995 1987 1061 2030 non
1075 1974 1213 2035 curanti
1234 1991 1318 2054 quac

165 2076 275 2134 autem
290 2067 436 2133 animans
450 2076 567 2131 natura
581 2067 662 2131 nihil
677 2070 815 2132 curansl
854 2067 971 2132 Verius
985 2075 1036 2132 est
1050 2068 1151 2153 igitur
1164 2070 1318 2137 nimirum

165 2170 255 2249 illud,
271 2169 356 2255 quod
376 2168 542 2234 familiaris
562 2167 707 2232 omnium
728 2176 876 2232 nostrum
898 2167 1088 2232 Posidonius
1108 2169 1260 2236 disseruit
1282 2173 1317 2236 in

165 2272 247 2338 libro
261 2272 376 2359 quinto
391 2273 431 2337 de
446 2280 563 2337 natura
582 2271 726 2348 deorum,
742 2271 847 2336 nullos
865 2293 934 2336 esse
953 2271 1030 2336 deos
1049 2272 1189 2358 Epicuro
1205 2275 1316 2355 rideri,

165 2399 312 2464 quaeque
337 2377 365 2442 is
387 2376 429 2442 de
452 2377 501 2442 dis
527 2376 763 2442 immortalibus
789 2376 916 2456 dixerit,
940 2377 1080 2444 invidiae
1106 2379 1315 2448 detestandae

111 2504 152 2543 20
165 2479 270 2566 gratia
289 2478 415 2544 dixisse.
461 2479 578 2564 Neque
598 2479 684 2544 euim
708 2489 773 2545 tam
796 2479 959 2567 desipiens
981 2480 1104 2561 luisset,
1118 2491 1157 2548 ut
1178 2483 1316 2549 homun-

165 2584 230 2648 culi
244 2583 382 2647 similem
397 2582 494 2647 deum
510 2581 653 2667 fingeret,
667 2582 866 2649 liniamentis
883 2584 1055 2650 dumtaxat
1076 2586 1236 2666 extremis,
1250 2610 1316 2653 non

165 2686 279 2751 habitu
295 2685 404 2763 solido,
420 2685 573 2750 membris
590 2686 728 2751 hominis
748 2688 932 2773 praeditum
955 2690 1113 2769 omnibus,
1129 2714 1191 2757 usu
1214 2715 1316 2758 mem·

164 2788 294 2853 brorum
310 2809 350 2851 ne
366 2786 500 2851 minimo
515 2787 656 2871 quidem,
673 2789 791 2854 exilem
807 2789 968 2875 quendam
986 2800 1085 2877 atque
1104 2793 1316 2877 perlucidum,

164 2889 247 2954 nihil
276 2889 427 2975 cuiquam
456 2889 663 2969 tribuentem,
692 2890 774 2956 nihil
803 2892 1050 2977 gratificantem,
1073 2894 1204 2959 omnino
1232 2896 1314 2961 nihil

112 3019 128 3058 2
132 3017 149 3076 5
164 3003 340 3074 curantem,
369 2994 452 3058 nihil
481 3001 639 3079 agentem.
685 2995 777 3075 Quae
807 3005 924 3062 natura
952 2998 1094 3081 primum
1123 2999 1215 3063 nulla
1245 3022 1314 3065 esse

164 3106 278 3183 potest,
295 3096 393 3183 idque
411 3096 524 3161 videns
543 3097 702 3182 Epicurus
719 3120 754 3164 re
774 3099 870 3175 tollit,
886 3099 1031 3165 oratione
1052 3099 1209 3186 relinquit
1230 3101 1313 3168 deos

163 3198 299 3277 Deinde,
310 3198 337 3263 si
348 3197 489 3262 maxime
505 3197 579 3262 talis
593 3206 643 3263 est
658 3198 746 3278 deus,
758 3208 797 3264 ut
811 3197 902 3264 nulla
915 3200 1027 3284 gratia,
1041 3200 1131 3264 nulla
1143 3200 1312 3266 hominum
1328 3229 1386 3289 124

163 3301 297 3367 caritate
326 3309 485 3379 teneatur,
509 3301 634 3383 valeat3
664 3301 743 3387 quid
771 3302 859 3367 enim
889 3301 995 3366 dicam
1024 3301 1201 3386 ‘propitius
1230 3303 1314 3370 sit'l

163 3402 242 3468 Esse
256 3402 344 3467 enim
358 3401 517 3489 propitius
531 3411 637 3486 potest
652 3401 785 3479 nemini,
801 3401 963 3487 quoniam,
977 3409 1016 3467 ut
1030 3400 1144 3480 dicitis,
1160 3402 1264 3467 omnis
1278 3403 1314 3468 in

111 3528 150 3584 30
164 3504 383 3570 imbecillitate
398 3515 449 3570 est
463 3512 497 3569 et
510 3504 617 3589 gratia
631 3513 665 3571 et
679 3505 803 3570 caritas

210 3657 375 3718 ldr‘lr'pemua
391 3654 435 3709 ΔΒ
452 3653 511 3705 Seh.
528 3652 592 3717 Mu,
612 3656 741 3718 diligimur
758 3656 797 3707 01⁸
812 3654 879 3719 [OE]
895 3654 939 3705 Or.
955 3654 1003 3706 Bo.
1100 3657 1179 3721 spus·
1194 3660 1268 3710 mua
1282 3675 1310 3713 rs

162 3741 251 3792 Um
268 3740 327 3790 Asc.
346 3739 429 3803 [0÷],
449 3740 494 3802 qai
513 3740 542 3789 ta
557 3741 631 3789 mitta
646 3754 672 3789 re
689 3739 845 3790 ABEBm
859 3739 971 3805 u1.,‚,÷.
1093 3748 1190 3803 coemo
1207 3741 1311 3806 [XJB÷,

162 3830 257 3886 euentu
272 3830 332 3873 aaut
349 3821 391 3887 (cl.
406 3836 428 3871 rr
443 3822 474 3871 11
490 3828 549 3871 ruat
565 3822 686 3883 careatis)
704 3826 770 3873 11110
783 3822 855 3888 Ill.1¹¹
869 3821 932 3884 Bcg.
949 3820 975 3871 U
991 3821 1050 3871 sao.
1148 3824 1180 3872 1³
1198 3825 1262 3873 liter
1276 3832 1313 3875 eat

162 3906 270 3970 Epicuri
281 3917 332 3954 rrss
341 3902 476 3965 generally.
488 3904 596 3965 Epicart
608 3904 671 3952 liter
680 3910 762 3952 emtas
773 3902 879 3957 0Ur÷.
970 3904 1005 3951 10
1020 3904 1162 3953 macuti
1172 3905 1312 3957 nome

162 3987 281 4048 Herv.÷,
296 3984 552 4037 homunculisXBE÷
568 3982 662 4034 Heiud.
674 3984 757 4034 Allan.
884 3985 916 4034 24
932 3986 1123 4050 mammetem,
1136 3989 1234 4036 omium
1244 3989 1313 4039 sitit

163 4068 204 4117 CB
222 4068 280 4117 Asc.
299 4064 360 4115 Sch.
382 4064 446 4123 Mu„
467 4066 651 4131 gratificantem
670 4066 777 4126 omniuo,
799 4066 867 4116 silut
889 4066 932 4116 Or.
953 4066 1010 4130 Ba,
1032 4068 1224 4133 gratificatum,
1244 4071 1313 4121 astu

164 4150 262 4199 camiac
273 4152 290 4199 ο
301 4146 364 4197 Red.
375 4145 470 4198 Heind.
